{
  "symbol": "VCB.VN",
  "timestamp": "2026-01-09T18:25:47.829655",
  "quarterly": {
    "symbol": "VCB.VN",
    "timestamp": "2026-01-09T18:25:48.135868",
    "quarterly_financials": {
      "2025-06-30 00:00:00": {
        "Tax Effect Of Unusual Items": 0.0,
        "Tax Rate For Calcs": 0.199072,
        "Net Income From Continuing Operation Net Minority Interest": 8831885000000.0,
        "Reconciled Depreciation": null,
        "Net Interest Income": 14160192000000.0,
        "Interest Expense": 11064211000000.0,
        "Interest Income": 25224403000000.0,
        "Normalized Income": 8831885000000.0,
        "Net Income From Continuing And Discontinued Operation": 8831885000000.0,
        "Diluted Average Shares": 8355614948.0,
        "Basic Average Shares": 8355614948.0,
        "Diluted EPS": 1057.0,
        "Basic EPS": 1057.0,
        "Diluted NI Availto Com Stockholders": 8831885000000.0,
        "Net Income Common Stockholders": 8831885000000.0,
        "Net Income": 8831885000000.0,
        "Minority Interests": -5486000000.0,
        "Net Income Including Noncontrolling Interests": 8837371000000.0,
        "Net Income Continuous Operations": 8837371000000.0,
        "Tax Provision": 2196544000000.0,
        "Pretax Income": 11033915000000.0,
        "Gain On Sale Of Security": 3616000000.0,
        "Operating Expense": 6286960000000.0,
        "Other Operating Expenses": 6286960000000.0,
        "Depreciation And Amortization In Income Statement": null,
        "Depreciation Income Statement": null,
        "Insurance And Claims": null,
        "Total Revenue": 18072573000000.0,
        "Operating Revenue": 18072573000000.0
      },
      "2025-03-31 00:00:00": {
        "Tax Effect Of Unusual Items": 0.0,
        "Tax Rate For Calcs": 0.198731,
        "Net Income From Continuing Operation Net Minority Interest": 8696229000000.0,
        "Reconciled Depreciation": 277691000000.0,
        "Net Interest Income": 13687153000000.0,
        "Interest Expense": 10887751000000.0,
        "Interest Income": 24574904000000.0,
        "Normalized Income": 8696229000000.0,
        "Net Income From Continuing And Discontinued Operation": 8696229000000.0,
        "Diluted Average Shares": 8355675094.0,
        "Basic Average Shares": 8355675094.0,
        "Diluted EPS": 1041.0,
        "Basic EPS": 1041.0,
        "Diluted NI Availto Com Stockholders": 8696229000000.0,
        "Net Income Common Stockholders": 8696229000000.0,
        "Net Income": 8696229000000.0,
        "Minority Interests": -5497000000.0,
        "Net Income Including Noncontrolling Interests": 8701726000000.0,
        "Net Income Continuous Operations": 8701726000000.0,
        "Tax Provision": 2158207000000.0,
        "Pretax Income": 10859933000000.0,
        "Gain On Sale Of Security": null,
        "Operating Expense": 6006608000000.0,
        "Other Operating Expenses": 2228829000000.0,
        "Depreciation And Amortization In Income Statement": 277691000000.0,
        "Depreciation Income Statement": 277691000000.0,
        "Insurance And Claims": 257399000000.0,
        "Total Revenue": 17580297000000.0,
        "Operating Revenue": 17580297000000.0
      },
      "2024-12-31 00:00:00": {
        "Tax Effect Of Unusual Items": 0.0,
        "Tax Rate For Calcs": 0.199272,
        "Net Income From Continuing Operation Net Minority Interest": 8565388000000.0,
        "Reconciled Depreciation": null,
        "Net Interest Income": 13842332000000.0,
        "Interest Expense": 9738930000000.0,
        "Interest Income": 23581262000000.0,
        "Normalized Income": 8565388000000.0,
        "Net Income From Continuing And Discontinued Operation": 8565388000000.0,
        "Diluted Average Shares": 8353069185.0,
        "Basic Average Shares": 8353069185.0,
        "Diluted EPS": 1025.41806,
        "Basic EPS": 1025.41806,
        "Diluted NI Availto Com Stockholders": 8565388000000.0,
        "Net Income Common Stockholders": 8565388000000.0,
        "Net Income": 8565388000000.0,
        "Minority Interests": -4543000000.0,
        "Net Income Including Noncontrolling Interests": 8569931000000.0,
        "Net Income Continuous Operations": 8569931000000.0,
        "Tax Provision": 2132749000000.0,
        "Pretax Income": 10702680000000.0,
        "Gain On Sale Of Security": null,
        "Operating Expense": 7589509000000.0,
        "Other Operating Expenses": 7589509000000.0,
        "Depreciation And Amortization In Income Statement": null,
        "Depreciation Income Statement": null,
        "Insurance And Claims": null,
        "Total Revenue": 18193480000000.0,
        "Operating Revenue": 18193480000000.0
      },
      "2024-09-30 00:00:00": {
        "Tax Effect Of Unusual Items": 0.0,
        "Tax Rate For Calcs": 0.198753,
        "Net Income From Continuing Operation Net Minority Interest": 8566598000000.0,
        "Reconciled Depreciation": null,
        "Net Interest Income": 13577636000000.0,
        "Interest Expense": 9613576000000.0,
        "Interest Income": 23191212000000.0,
        "Normalized Income": 8566598000000.0,
        "Net Income From Continuing And Discontinued Operation": 8566598000000.0,
        "Diluted Average Shares": 8357656585.0,
        "Basic Average Shares": 8357656585.0,
        "Diluted EPS": 1025.0,
        "Basic EPS": 1025.0,
        "Diluted NI Availto Com Stockholders": 8566598000000.0,
        "Net Income Common Stockholders": 8566598000000.0,
        "Net Income": 8566598000000.0,
        "Minority Interests": -5896000000.0,
        "Net Income Including Noncontrolling Interests": 8572494000000.0,
        "Net Income Continuous Operations": 8572494000000.0,
        "Tax Provision": 2126450000000.0,
        "Pretax Income": 10698944000000.0,
        "Gain On Sale Of Security": -1145000000.0,
        "Operating Expense": 6160157000000.0,
        "Other Operating Expenses": 6160157000000.0,
        "Depreciation And Amortization In Income Statement": null,
        "Depreciation Income Statement": null,
        "Insurance And Claims": null,
        "Total Revenue": 17135281000000.0,
        "Operating Revenue": 17135281000000.0
      },
      "2024-06-30 00:00:00": {
        "Tax Effect Of Unusual Items": 0.0,
        "Tax Rate For Calcs": 0.196868,
        "Net Income From Continuing Operation Net Minority Interest": 8119414000000.0,
        "Reconciled Depreciation": null,
        "Net Interest Income": 13907711000000.0,
        "Interest Expense": 8954996000000.0,
        "Interest Income": 22862707000000.0,
        "Normalized Income": 8119414000000.0,
        "Net Income From Continuing And Discontinued Operation": 8119414000000.0,
        "Diluted Average Shares": 8353306584.0,
        "Basic Average Shares": 8353306584.0,
        "Diluted EPS": 972.0,
        "Basic EPS": 972.0,
        "Diluted NI Availto Com Stockholders": 8119414000000.0,
        "Net Income Common Stockholders": 8119414000000.0,
        "Net Income": 8119414000000.0,
        "Minority Interests": -5295000000.0,
        "Net Income Including Noncontrolling Interests": 8124709000000.0,
        "Net Income Continuous Operations": 8124709000000.0,
        "Tax Provision": 1991566000000.0,
        "Pretax Income": 10116275000000.0,
        "Gain On Sale Of Security": 1854000000.0,
        "Operating Expense": 5939070000000.0,
        "Other Operating Expenses": 5939070000000.0,
        "Depreciation And Amortization In Income Statement": null,
        "Depreciation Income Statement": null,
        "Insurance And Claims": null,
        "Total Revenue": 17409754000000.0,
        "Operating Revenue": 17409754000000.0
      }
    },
    "quarterly_balance_sheet": {
      "2025-06-30 00:00:00": {
        "Treasury Shares Number": null,
        "Ordinary Shares Number": 8355675094.0,
        "Share Issued": 8355675094.0,
        "Total Debt": 34768754000000.0,
        "Tangible Book Value": 211161705000000.0,
        "Invested Capital": 248410825000000.0,
        "Net Tangible Assets": 211161705000000.0,
        "Common Stock Equity": 213642071000000.0,
        "Total Capitalization": 248410825000000.0,
        "Total Equity Gross Minority Interest": 213749422000000.0,
        "Minority Interest": 107351000000.0,
        "Stockholders Equity": 213642071000000.0,
        "Other Equity Interest": 809837000000.0,
        "Retained Earnings": 88145614000000.0,
        "Additional Paid In Capital": 4995389000000.0,
        "Capital Stock": 83556751000000.0,
        "Common Stock": 83556751000000.0,
        "Total Liabilities Net Minority Interest": 2004191676000000.0,
        "Derivative Product Liabilities": 47261000000.0,
        "Long Term Debt And Capital Lease Obligation": 34768754000000.0,
        "Payables": 31363502000000.0,
        "Other Payable": 17707358000000.0,
        "Total Tax Payable": null,
        "Accounts Payable": 13656144000000.0,
        "Total Assets": 2217941098000000.0,
        "Investments And Advances": 172741590000000.0,
        "Investmentin Financial Assets": 170427194000000.0,
        "Held To Maturity Securities": 33692320000000.0,
        "Available For Sale Securities": 128742046000000.0,
        "Trading Securities": 7992828000000.0,
        "Long Term Equity Investment": 2314396000000.0,
        "Investmentsin Joint Venturesat Cost": 844941000000.0,
        "Investments In Other Ventures Under Equity Method": 1469455000000.0,
        "Goodwill And Other Intangible Assets": 2480366000000.0,
        "Other Intangible Assets": 2480366000000.0,
        "Net PPE": 5487426000000.0,
        "Accumulated Depreciation": -10699145000000.0,
        "Gross PPE": 16186571000000.0,
        "Construction In Progress": null,
        "Other Properties": null,
        "Machinery Furniture Equipment": null,
        "Buildings And Improvements": null,
        "Prepaid Assets": null,
        "Receivables": 29952585000000.0,
        "Taxes Receivable": null,
        "Cash And Cash Equivalents": 478493515000000.0,
        "Cash Equivalents": null,
        "Cash Financial": 14790170000000.0,
        "Cash Cash Equivalents And Federal Funds Sold": 478493515000000.0
      },
      "2025-03-31 00:00:00": {
        "Treasury Shares Number": null,
        "Ordinary Shares Number": 8355675094.0,
        "Share Issued": 8355675094.0,
        "Total Debt": 24431229000000.0,
        "Tangible Book Value": 202318742000000.0,
        "Invested Capital": 229271111000000.0,
        "Net Tangible Assets": 202318742000000.0,
        "Common Stock Equity": 204839882000000.0,
        "Total Capitalization": 229271111000000.0,
        "Total Equity Gross Minority Interest": 204941834000000.0,
        "Minority Interest": 101952000000.0,
        "Stockholders Equity": 204839882000000.0,
        "Other Equity Interest": 809837000000.0,
        "Retained Earnings": 79376463000000.0,
        "Additional Paid In Capital": 4995389000000.0,
        "Capital Stock": 83556751000000.0,
        "Common Stock": 83556751000000.0,
        "Total Liabilities Net Minority Interest": 1904318782000000.0,
        "Derivative Product Liabilities": 306420000000.0,
        "Long Term Debt And Capital Lease Obligation": 24431229000000.0,
        "Payables": 29045150000000.0,
        "Other Payable": 15835760000000.0,
        "Total Tax Payable": null,
        "Accounts Payable": 13209390000000.0,
        "Total Assets": 2109260616000000.0,
        "Investments And Advances": 187665694000000.0,
        "Investmentin Financial Assets": 185397086000000.0,
        "Held To Maturity Securities": 68162795000000.0,
        "Available For Sale Securities": 108816448000000.0,
        "Trading Securities": 8417843000000.0,
        "Long Term Equity Investment": 2268608000000.0,
        "Investmentsin Joint Venturesat Cost": 800872000000.0,
        "Investments In Other Ventures Under Equity Method": 1467736000000.0,
        "Goodwill And Other Intangible Assets": 2521140000000.0,
        "Other Intangible Assets": 2521140000000.0,
        "Net PPE": 5494709000000.0,
        "Accumulated Depreciation": -10496521000000.0,
        "Gross PPE": 15991230000000.0,
        "Construction In Progress": null,
        "Other Properties": null,
        "Machinery Furniture Equipment": null,
        "Buildings And Improvements": null,
        "Prepaid Assets": null,
        "Receivables": 27146443000000.0,
        "Taxes Receivable": null,
        "Cash And Cash Equivalents": 445973342000000.0,
        "Cash Equivalents": null,
        "Cash Financial": 13713225000000.0,
        "Cash Cash Equivalents And Federal Funds Sold": 445973342000000.0
      },
      "2024-12-31 00:00:00": {
        "Treasury Shares Number": null,
        "Ordinary Shares Number": 8355691436.0,
        "Share Issued": 8355691436.0,
        "Total Debt": 36005584000000.0,
        "Tangible Book Value": 193550609000000.0,
        "Invested Capital": 232118491000000.0,
        "Net Tangible Assets": 193550609000000.0,
        "Common Stock Equity": 196112907000000.0,
        "Total Capitalization": 232118491000000.0,
        "Total Equity Gross Minority Interest": 196209168000000.0,
        "Minority Interest": 96261000000.0,
        "Stockholders Equity": 196112907000000.0,
        "Other Equity Interest": 809837000000.0,
        "Retained Earnings": 98332086000000.0,
        "Additional Paid In Capital": 4995389000000.0,
        "Capital Stock": 55890913000000.0,
        "Common Stock": 55890913000000.0,
        "Total Liabilities Net Minority Interest": 1889664354000000.0,
        "Derivative Product Liabilities": 253298000000.0,
        "Long Term Debt And Capital Lease Obligation": 36005584000000.0,
        "Payables": 32512522000000.0,
        "Other Payable": 11206833000000.0,
        "Total Tax Payable": 4619307000000.0,
        "Accounts Payable": 16686382000000.0,
        "Total Assets": 2085873522000000.0,
        "Investments And Advances": 176134141000000.0,
        "Investmentin Financial Assets": 173906043000000.0,
        "Held To Maturity Securities": 80583448000000.0,
        "Available For Sale Securities": 86799901000000.0,
        "Trading Securities": 4876237000000.0,
        "Long Term Equity Investment": 2228098000000.0,
        "Investmentsin Joint Venturesat Cost": 763736000000.0,
        "Investments In Other Ventures Under Equity Method": 1464362000000.0,
        "Goodwill And Other Intangible Assets": 2562298000000.0,
        "Other Intangible Assets": 2562298000000.0,
        "Net PPE": 6848068000000.0,
        "Accumulated Depreciation": -10277723000000.0,
        "Gross PPE": 17125791000000.0,
        "Construction In Progress": 1317489000000.0,
        "Other Properties": 3903721000000.0,
        "Machinery Furniture Equipment": 5635149000000.0,
        "Buildings And Improvements": 6269432000000.0,
        "Prepaid Assets": 3849492000000.0,
        "Receivables": 23567924000000.0,
        "Taxes Receivable": 31827000000.0,
        "Cash And Cash Equivalents": 447640447000000.0,
        "Cash Equivalents": 2510000000.0,
        "Cash Financial": 14265554000000.0,
        "Cash Cash Equivalents And Federal Funds Sold": 447640447000000.0
      },
      "2024-09-30 00:00:00": {
        "Treasury Shares Number": null,
        "Ordinary Shares Number": 8355691436.0,
        "Share Issued": 8355691436.0,
        "Total Debt": 34939638000000.0,
        "Tangible Book Value": 187626588000000.0,
        "Invested Capital": 225125876000000.0,
        "Net Tangible Assets": 187626588000000.0,
        "Common Stock Equity": 190186238000000.0,
        "Total Capitalization": 225125876000000.0,
        "Total Equity Gross Minority Interest": 190297001000000.0,
        "Minority Interest": 110763000000.0,
        "Stockholders Equity": 190186238000000.0,
        "Other Equity Interest": 809837000000.0,
        "Retained Earnings": 102068366000000.0,
        "Additional Paid In Capital": 4995389000000.0,
        "Capital Stock": 55890913000000.0,
        "Common Stock": 55890913000000.0,
        "Total Liabilities Net Minority Interest": 1742064907000000.0,
        "Derivative Product Liabilities": 116988000000.0,
        "Long Term Debt And Capital Lease Obligation": 34939638000000.0,
        "Payables": 28715334000000.0,
        "Other Payable": 14784710000000.0,
        "Total Tax Payable": null,
        "Accounts Payable": 13930624000000.0,
        "Total Assets": 1932361908000000.0,
        "Investments And Advances": 176682198000000.0,
        "Investmentin Financial Assets": 174563193000000.0,
        "Held To Maturity Securities": 87402821000000.0,
        "Available For Sale Securities": 83014181000000.0,
        "Trading Securities": 4146191000000.0,
        "Long Term Equity Investment": 2119005000000.0,
        "Investmentsin Joint Venturesat Cost": 722067000000.0,
        "Investments In Other Ventures Under Equity Method": 1396938000000.0,
        "Goodwill And Other Intangible Assets": 2559650000000.0,
        "Other Intangible Assets": 2559650000000.0,
        "Net PPE": 5467042000000.0,
        "Accumulated Depreciation": -10173860000000.0,
        "Gross PPE": 15640902000000.0,
        "Construction In Progress": null,
        "Other Properties": null,
        "Machinery Furniture Equipment": null,
        "Buildings And Improvements": null,
        "Prepaid Assets": null,
        "Receivables": 25056275000000.0,
        "Taxes Receivable": null,
        "Cash And Cash Equivalents": 331631430000000.0,
        "Cash Equivalents": null,
        "Cash Financial": 13157642000000.0,
        "Cash Cash Equivalents And Federal Funds Sold": 331631430000000.0
      },
      "2024-06-30 00:00:00": {
        "Treasury Shares Number": 0.0,
        "Ordinary Shares Number": 8355691436.0,
        "Share Issued": 8355691436.0,
        "Total Debt": 34857320000000.0,
        "Tangible Book Value": 179051337000000.0,
        "Invested Capital": 216454371000000.0,
        "Net Tangible Assets": 179051337000000.0,
        "Common Stock Equity": 181597051000000.0,
        "Total Capitalization": 216454371000000.0,
        "Total Equity Gross Minority Interest": 181702789000000.0,
        "Minority Interest": 105738000000.0,
        "Stockholders Equity": 181597051000000.0,
        "Other Equity Interest": 809837000000.0,
        "Retained Earnings": 93397207000000.0,
        "Additional Paid In Capital": 4995389000000.0,
        "Capital Stock": 55890913000000.0,
        "Common Stock": 55890913000000.0,
        "Total Liabilities Net Minority Interest": 1723936056000000.0,
        "Derivative Product Liabilities": 0.0,
        "Long Term Debt And Capital Lease Obligation": 34857320000000.0,
        "Payables": 33359236000000.0,
        "Other Payable": 19695406000000.0,
        "Total Tax Payable": null,
        "Accounts Payable": 13663830000000.0,
        "Total Assets": 1905638845000000.0,
        "Investments And Advances": 171861436000000.0,
        "Investmentin Financial Assets": 169774932000000.0,
        "Held To Maturity Securities": 91035659000000.0,
        "Available For Sale Securities": 75795936000000.0,
        "Trading Securities": 2432382000000.0,
        "Long Term Equity Investment": 2086504000000.0,
        "Investmentsin Joint Venturesat Cost": 684770000000.0,
        "Investments In Other Ventures Under Equity Method": 1401734000000.0,
        "Goodwill And Other Intangible Assets": 2545714000000.0,
        "Other Intangible Assets": 2545714000000.0,
        "Net PPE": 5170803000000.0,
        "Accumulated Depreciation": -9982201000000.0,
        "Gross PPE": 15153004000000.0,
        "Construction In Progress": null,
        "Other Properties": null,
        "Machinery Furniture Equipment": null,
        "Buildings And Improvements": null,
        "Prepaid Assets": null,
        "Receivables": 26000129000000.0,
        "Taxes Receivable": null,
        "Cash And Cash Equivalents": 352447287000000.0,
        "Cash Equivalents": null,
        "Cash Financial": 12950279000000.0,
        "Cash Cash Equivalents And Federal Funds Sold": 352447287000000.0
      }
    },
    "quarterly_cash_flow": {
      "2025-06-30 00:00:00": {
        "Free Cash Flow": 37722241000000.0,
        "Capital Expenditure": -195061000000.0,
        "End Cash Position": 454996790000000.0,
        "Beginning Cash Position": 417258692000000.0,
        "Changes In Cash": 37738098000000.0,
        "Financing Cash Flow": 0.0,
        "Investing Cash Flow": -179204000000.0,
        "Dividends Received Cfi": 12103000000.0,
        "Net Investment Purchase And Sale": null,
        "Sale Of Investment": null,
        "Net PPE Purchase And Sale": -191307000000.0,
        "Sale Of PPE": 3754000000.0,
        "Purchase Of PPE": -195061000000.0,
        "Operating Cash Flow": 37917302000000.0,
        "Cash Flowsfromusedin Operating Activities Direct": 37917302000000.0,
        "Classesof Cash Payments": -64551649000000.0,
        "Other Cash Paymentsfrom Operating Activities": 33887797000000.0,
        "Paymentson Behalfof Employees": -6799719000000.0,
        "Classesof Cash Receiptsfrom Operating Activities": 102468951000000.0,
        "Other Cash Receiptsfrom Operating Activities": 754345000000.0
      },
      "2025-03-31 00:00:00": {
        "Free Cash Flow": -13366874000000.0,
        "Capital Expenditure": -186279000000.0,
        "End Cash Position": 417258692000000.0,
        "Beginning Cash Position": 430614185000000.0,
        "Changes In Cash": -13355493000000.0,
        "Financing Cash Flow": 0.0,
        "Investing Cash Flow": -174898000000.0,
        "Dividends Received Cfi": 9703000000.0,
        "Net Investment Purchase And Sale": null,
        "Sale Of Investment": null,
        "Net PPE Purchase And Sale": -184601000000.0,
        "Sale Of PPE": 1678000000.0,
        "Purchase Of PPE": -186279000000.0,
        "Operating Cash Flow": -13180595000000.0,
        "Cash Flowsfromusedin Operating Activities Direct": -13180595000000.0,
        "Classesof Cash Payments": -92488371000000.0,
        "Other Cash Paymentsfrom Operating Activities": -35803430000000.0,
        "Paymentson Behalfof Employees": -5686026000000.0,
        "Classesof Cash Receiptsfrom Operating Activities": 79307776000000.0,
        "Other Cash Receiptsfrom Operating Activities": 5367224000000.0
      },
      "2024-12-31 00:00:00": {
        "Free Cash Flow": 116580821000000.0,
        "Capital Expenditure": -531985000000.0,
        "End Cash Position": 430614185000000.0,
        "Beginning Cash Position": 314023125000000.0,
        "Changes In Cash": 116591060000000.0,
        "Financing Cash Flow": -19963000000.0,
        "Investing Cash Flow": -501783000000.0,
        "Dividends Received Cfi": 24710000000.0,
        "Net Investment Purchase And Sale": null,
        "Sale Of Investment": null,
        "Net PPE Purchase And Sale": -526493000000.0,
        "Sale Of PPE": 5492000000.0,
        "Purchase Of PPE": -531985000000.0,
        "Operating Cash Flow": 117112806000000.0,
        "Cash Flowsfromusedin Operating Activities Direct": 117112806000000.0,
        "Classesof Cash Payments": -59857742000000.0,
        "Other Cash Paymentsfrom Operating Activities": 7856742000000.0,
        "Paymentson Behalfof Employees": -6050484000000.0,
        "Classesof Cash Receiptsfrom Operating Activities": 176970548000000.0,
        "Other Cash Receiptsfrom Operating Activities": 4176637000000.0
      },
      "2024-09-30 00:00:00": {
        "Free Cash Flow": -15674812000000.0,
        "Capital Expenditure": -458194000000.0,
        "End Cash Position": 314023125000000.0,
        "Beginning Cash Position": 329684609000000.0,
        "Changes In Cash": -15661483000000.0,
        "Financing Cash Flow": 0.0,
        "Investing Cash Flow": -444865000000.0,
        "Dividends Received Cfi": 10299000000.0,
        "Net Investment Purchase And Sale": null,
        "Sale Of Investment": null,
        "Net PPE Purchase And Sale": -455164000000.0,
        "Sale Of PPE": 3030000000.0,
        "Purchase Of PPE": -458194000000.0,
        "Operating Cash Flow": -15216618000000.0,
        "Cash Flowsfromusedin Operating Activities Direct": -15216618000000.0,
        "Classesof Cash Payments": -40475338000000.0,
        "Other Cash Paymentsfrom Operating Activities": -13699260000000.0,
        "Paymentson Behalfof Employees": -5069588000000.0,
        "Classesof Cash Receiptsfrom Operating Activities": 25258720000000.0,
        "Other Cash Receiptsfrom Operating Activities": -7933266000000.0
      },
      "2024-06-30 00:00:00": {
        "Free Cash Flow": 20042847000000.0,
        "Capital Expenditure": -358282000000.0,
        "End Cash Position": 329684609000000.0,
        "Beginning Cash Position": 309513710000000.0,
        "Changes In Cash": 20170898000000.0,
        "Financing Cash Flow": 0.0,
        "Investing Cash Flow": -230231000000.0,
        "Dividends Received Cfi": 125022000000.0,
        "Net Investment Purchase And Sale": 747000000.0,
        "Sale Of Investment": 747000000.0,
        "Net PPE Purchase And Sale": -356000000000.0,
        "Sale Of PPE": 2282000000.0,
        "Purchase Of PPE": -358282000000.0,
        "Operating Cash Flow": 20401129000000.0,
        "Cash Flowsfromusedin Operating Activities Direct": 20401129000000.0,
        "Classesof Cash Payments": -62226992000000.0,
        "Other Cash Paymentsfrom Operating Activities": -13816531000000.0,
        "Paymentson Behalfof Employees": -4007148000000.0,
        "Classesof Cash Receiptsfrom Operating Activities": 82628121000000.0,
        "Other Cash Receiptsfrom Operating Activities": -7775633000000.0
      }
    }
  },
  "annual": {
    "symbol": "VCB.VN",
    "timestamp": "2026-01-09T18:25:48.643980",
    "annual_financials": {
      "2024-12-31 00:00:00": {
        "Tax Effect Of Unusual Items": 0.0,
        "Tax Rate For Calcs": 0.19848,
        "Net Income From Continuing Operation Net Minority Interest": 33831386000000.0,
        "Reconciled Depreciation": 1086426000000.0,
        "Net Interest Income": 55405735000000.0,
        "Interest Expense": 38249106000000.0,
        "Interest Income": 93654841000000.0,
        "Normalized Income": 33831386000000.0,
        "Net Income From Continuing And Discontinued Operation": 33831386000000.0,
        "Diluted Average Shares": 12491758699.0,
        "Basic Average Shares": 12491758699.0,
        "Diluted EPS": 2492.589568,
        "Basic EPS": 2492.589568,
        "Diluted NI Availto Com Stockholders": 31138474000000.0,
        "Net Income Common Stockholders": 31138474000000.0,
        "Otherunder Preferred Stock Dividend": 2692912000000.0,
        "Net Income": 33831386000000.0,
        "Minority Interests": -21731000000.0,
        "Net Income Including Noncontrolling Interests": 33853117000000.0,
        "Net Income Continuous Operations": 33853117000000.0,
        "Tax Provision": 8383018000000.0,
        "Pretax Income": 42236135000000.0,
        "Gain On Sale Of Security": 747000000.0,
        "Operating Expense": 24634419000000.0,
        "Other Operating Expenses": 10291250000000.0,
        "Depreciation And Amortization In Income Statement": 1086426000000.0,
        "Depreciation Income Statement": 1086426000000.0,
        "Selling General And Administration": null,
        "General And Administrative Expense": null,
        "Insurance And Claims": 993995000000.0,
        "Rent And Landing Fees": null,
        "Total Revenue": 69439073000000.0,
        "Operating Revenue": 69439073000000.0
      },
      "2023-12-31 00:00:00": {
        "Tax Effect Of Unusual Items": 0.0,
        "Tax Rate For Calcs": 0.19856,
        "Net Income From Continuing Operation Net Minority Interest": 33101027000000.0,
        "Reconciled Depreciation": 1270726000000.0,
        "Net Interest Income": 53614431000000.0,
        "Interest Expense": 54501409000000.0,
        "Interest Income": 108115840000000.0,
        "Normalized Income": 33101027000000.0,
        "Net Income From Continuing And Discontinued Operation": 33101027000000.0,
        "Diluted Average Shares": 12491758699.0,
        "Basic Average Shares": 12491758699.0,
        "Diluted EPS": 2443.820538,
        "Basic EPS": 2443.820538,
        "Diluted NI Availto Com Stockholders": 30525130000000.0,
        "Net Income Common Stockholders": 30525130000000.0,
        "Otherunder Preferred Stock Dividend": 2575897000000.0,
        "Net Income": 33101027000000.0,
        "Minority Interests": -21245000000.0,
        "Net Income Including Noncontrolling Interests": 33122272000000.0,
        "Net Income Continuous Operations": 33122272000000.0,
        "Tax Provision": 8206195000000.0,
        "Pretax Income": 41328467000000.0,
        "Gain On Sale Of Security": null,
        "Operating Expense": 22828537000000.0,
        "Other Operating Expenses": 8958631000000.0,
        "Depreciation And Amortization In Income Statement": 1270726000000.0,
        "Depreciation Income Statement": 1270726000000.0,
        "Selling General And Administration": 5284175000000.0,
        "General And Administrative Expense": 5284175000000.0,
        "Insurance And Claims": 880742000000.0,
        "Rent And Landing Fees": null,
        "Total Revenue": 66875842000000.0,
        "Operating Revenue": 66875842000000.0
      },
      "2022-12-31 00:00:00": {
        "Tax Effect Of Unusual Items": 0.0,
        "Tax Rate For Calcs": 0.199342,
        "Net Income From Continuing Operation Net Minority Interest": 29899014000000.0,
        "Reconciled Depreciation": 1345198000000.0,
        "Net Interest Income": 53246478000000.0,
        "Interest Expense": 34866222000000.0,
        "Interest Income": 88112700000000.0,
        "Normalized Income": 29899014000000.0,
        "Net Income From Continuing And Discontinued Operation": 29899014000000.0,
        "Diluted Average Shares": 8355691436.0,
        "Basic Average Shares": 8355691436.0,
        "Diluted EPS": 3177.926421,
        "Basic EPS": 3177.926421,
        "Diluted NI Availto Com Stockholders": 26554538000000.0,
        "Net Income Common Stockholders": 26554538000000.0,
        "Otherunder Preferred Stock Dividend": 3344476000000.0,
        "Net Income": 29899014000000.0,
        "Minority Interests": -20040000000.0,
        "Net Income Including Noncontrolling Interests": 29919054000000.0,
        "Net Income Continuous Operations": 29919054000000.0,
        "Tax Provision": 7449037000000.0,
        "Pretax Income": 37368091000000.0,
        "Gain On Sale Of Security": 69582000000.0,
        "Operating Expense": 21860255000000.0,
        "Other Operating Expenses": 9008071000000.0,
        "Depreciation And Amortization In Income Statement": 1345198000000.0,
        "Depreciation Income Statement": 1345198000000.0,
        "Selling General And Administration": 5226349000000.0,
        "General And Administrative Expense": 5226349000000.0,
        "Insurance And Claims": 802452000000.0,
        "Rent And Landing Fees": 2672117000000.0,
        "Total Revenue": 66283098000000.0,
        "Operating Revenue": 66283098000000.0
      },
      "2021-12-31 00:00:00": {
        "Tax Effect Of Unusual Items": 0.0,
        "Tax Rate For Calcs": 0.198976,
        "Net Income From Continuing Operation Net Minority Interest": 21996601000000.0,
        "Reconciled Depreciation": 1413738000000.0,
        "Net Interest Income": 42272572000000.0,
        "Interest Expense": 28349385000000.0,
        "Interest Income": 70621957000000.0,
        "Normalized Income": 21996601000000.0,
        "Net Income From Continuing And Discontinued Operation": 21996601000000.0,
        "Diluted Average Shares": 8355707595.0,
        "Basic Average Shares": 8355707595.0,
        "Diluted EPS": 2357.278991,
        "Basic EPS": 2357.278991,
        "Diluted NI Availto Com Stockholders": 19697439000000.0,
        "Net Income Common Stockholders": 19697439000000.0,
        "Otherunder Preferred Stock Dividend": 2299162000000.0,
        "Net Income": 21996601000000.0,
        "Minority Interests": -20232000000.0,
        "Net Income Including Noncontrolling Interests": 22016833000000.0,
        "Net Income Continuous Operations": 22016833000000.0,
        "Tax Provision": 5469010000000.0,
        "Pretax Income": 27485843000000.0,
        "Gain On Sale Of Security": 3927000000.0,
        "Operating Expense": 18166699000000.0,
        "Other Operating Expenses": 4405576000000.0,
        "Depreciation And Amortization In Income Statement": 1413738000000.0,
        "Depreciation Income Statement": 1413738000000.0,
        "Selling General And Administration": 3490020000000.0,
        "General And Administrative Expense": 3490020000000.0,
        "Insurance And Claims": 711257000000.0,
        "Rent And Landing Fees": 2050120000000.0,
        "Total Revenue": 54697857000000.0,
        "Operating Revenue": 54697857000000.0
      }
    },
    "annual_balance_sheet": {
      "2024-12-31 00:00:00": {
        "Ordinary Shares Number": 8355691436.0,
        "Share Issued": 8355691436.0,
        "Total Debt": 36005584000000.0,
        "Tangible Book Value": 193550609000000.0,
        "Invested Capital": 232118491000000.0,
        "Net Tangible Assets": 193550609000000.0,
        "Common Stock Equity": 196112907000000.0,
        "Total Capitalization": 232118491000000.0,
        "Total Equity Gross Minority Interest": 196209168000000.0,
        "Minority Interest": 96261000000.0,
        "Stockholders Equity": 196112907000000.0,
        "Other Equity Interest": 809837000000.0,
        "Retained Earnings": 98332086000000.0,
        "Additional Paid In Capital": 4995389000000.0,
        "Capital Stock": 55890913000000.0,
        "Common Stock": 55890913000000.0,
        "Total Liabilities Net Minority Interest": 1889664354000000.0,
        "Derivative Product Liabilities": 253298000000.0,
        "Long Term Debt And Capital Lease Obligation": 36005584000000.0,
        "Payables": 32512522000000.0,
        "Other Payable": 11206833000000.0,
        "Total Tax Payable": 4619307000000.0,
        "Accounts Payable": 16686382000000.0,
        "Total Assets": 2085873522000000.0,
        "Investments And Advances": 176134141000000.0,
        "Investmentin Financial Assets": 173906043000000.0,
        "Held To Maturity Securities": 80583448000000.0,
        "Available For Sale Securities": 86799901000000.0,
        "Trading Securities": 4876237000000.0,
        "Long Term Equity Investment": 2228098000000.0,
        "Investmentsin Joint Venturesat Cost": 763736000000.0,
        "Investments In Other Ventures Under Equity Method": 1464362000000.0,
        "Investmentsin Associatesat Cost": null,
        "Goodwill And Other Intangible Assets": 2562298000000.0,
        "Other Intangible Assets": 2562298000000.0,
        "Net PPE": 6848068000000.0,
        "Accumulated Depreciation": -10277723000000.0,
        "Gross PPE": 17125791000000.0,
        "Construction In Progress": 1317489000000.0,
        "Other Properties": 3903721000000.0,
        "Machinery Furniture Equipment": 5635149000000.0,
        "Buildings And Improvements": 6269432000000.0,
        "Prepaid Assets": 3849492000000.0,
        "Receivables": 23567924000000.0,
        "Taxes Receivable": 31827000000.0,
        "Cash And Cash Equivalents": 447640447000000.0,
        "Cash Equivalents": 2510000000.0,
        "Cash Financial": 14265554000000.0,
        "Cash Cash Equivalents And Federal Funds Sold": 447640447000000.0
      },
      "2023-12-31 00:00:00": {
        "Ordinary Shares Number": 8355691436.0,
        "Share Issued": 8355691436.0,
        "Total Debt": 40402324000000.0,
        "Tangible Book Value": 162394224000000.0,
        "Invested Capital": 205388824000000.0,
        "Net Tangible Assets": 162394224000000.0,
        "Common Stock Equity": 164986500000000.0,
        "Total Capitalization": 205388824000000.0,
        "Total Equity Gross Minority Interest": 165080490000000.0,
        "Minority Interest": 93990000000.0,
        "Stockholders Equity": 164986500000000.0,
        "Other Equity Interest": 809837000000.0,
        "Retained Earnings": 76826482000000.0,
        "Additional Paid In Capital": 4995389000000.0,
        "Capital Stock": 55890913000000.0,
        "Common Stock": 55890913000000.0,
        "Total Liabilities Net Minority Interest": 1674644070000000.0,
        "Derivative Product Liabilities": 540219000000.0,
        "Long Term Debt And Capital Lease Obligation": 40402324000000.0,
        "Payables": 35791292000000.0,
        "Other Payable": 8819333000000.0,
        "Total Tax Payable": 4923591000000.0,
        "Accounts Payable": 22048368000000.0,
        "Total Assets": 1839724560000000.0,
        "Investments And Advances": 151130218000000.0,
        "Investmentin Financial Assets": 148905273000000.0,
        "Held To Maturity Securities": 77897587000000.0,
        "Available For Sale Securities": 67882480000000.0,
        "Trading Securities": 2495408000000.0,
        "Long Term Equity Investment": 2224945000000.0,
        "Investmentsin Joint Venturesat Cost": 826152000000.0,
        "Investments In Other Ventures Under Equity Method": 1398793000000.0,
        "Investmentsin Associatesat Cost": null,
        "Goodwill And Other Intangible Assets": 2592276000000.0,
        "Other Intangible Assets": 2592276000000.0,
        "Net PPE": 6492550000000.0,
        "Accumulated Depreciation": -9600052000000.0,
        "Gross PPE": 16092602000000.0,
        "Construction In Progress": 1279746000000.0,
        "Other Properties": 3655365000000.0,
        "Machinery Furniture Equipment": 5023704000000.0,
        "Buildings And Improvements": 6133787000000.0,
        "Prepaid Assets": 4701507000000.0,
        "Receivables": 22009128000000.0,
        "Taxes Receivable": 11266000000.0,
        "Cash And Cash Equivalents": 384611227000000.0,
        "Cash Equivalents": 480000000.0,
        "Cash Financial": 14504369000000.0,
        "Cash Cash Equivalents And Federal Funds Sold": 384611227000000.0
      },
      "2022-12-31 00:00:00": {
        "Ordinary Shares Number": 8355707595.0,
        "Share Issued": 8355707595.0,
        "Total Debt": 35811457000000.0,
        "Tangible Book Value": 132742385000000.0,
        "Invested Capital": 171369159000000.0,
        "Net Tangible Assets": 132742385000000.0,
        "Common Stock Equity": 135557702000000.0,
        "Total Capitalization": 171369159000000.0,
        "Total Equity Gross Minority Interest": 135646085000000.0,
        "Minority Interest": 88383000000.0,
        "Stockholders Equity": 135557702000000.0,
        "Other Equity Interest": 809837000000.0,
        "Retained Earnings": 60733423000000.0,
        "Additional Paid In Capital": 4995389000000.0,
        "Capital Stock": 47325166000000.0,
        "Common Stock": 47325166000000.0,
        "Total Liabilities Net Minority Interest": 1678169085000000.0,
        "Derivative Product Liabilities": 311143000000.0,
        "Long Term Debt And Capital Lease Obligation": 35811457000000.0,
        "Payables": 105098404000000.0,
        "Other Payable": 93170294000000.0,
        "Total Tax Payable": null,
        "Accounts Payable": 11928110000000.0,
        "Total Assets": 1813815170000000.0,
        "Investments And Advances": 200461042000000.0,
        "Investmentin Financial Assets": 198267507000000.0,
        "Held To Maturity Securities": 95431543000000.0,
        "Available For Sale Securities": 100739670000000.0,
        "Trading Securities": 1499687000000.0,
        "Long Term Equity Investment": 2193535000000.0,
        "Investmentsin Joint Venturesat Cost": 771075000000.0,
        "Investments In Other Ventures Under Equity Method": 1422460000000.0,
        "Investmentsin Associatesat Cost": 11314000000.0,
        "Goodwill And Other Intangible Assets": 2815317000000.0,
        "Other Intangible Assets": 2815317000000.0,
        "Net PPE": 6286295000000.0,
        "Accumulated Depreciation": -8780091000000.0,
        "Gross PPE": 15066386000000.0,
        "Construction In Progress": 1116212000000.0,
        "Other Properties": 3161394000000.0,
        "Machinery Furniture Equipment": 4743092000000.0,
        "Buildings And Improvements": 6045688000000.0,
        "Prepaid Assets": 5998396000000.0,
        "Receivables": 34987882000000.0,
        "Taxes Receivable": 10789000000.0,
        "Cash And Cash Equivalents": 394634062000000.0,
        "Cash Equivalents": 446000000.0,
        "Cash Financial": 18348088000000.0,
        "Cash Cash Equivalents And Federal Funds Sold": 394634062000000.0
      },
      "2021-12-31 00:00:00": {
        "Ordinary Shares Number": 8355727110.0,
        "Share Issued": 8355727110.0,
        "Total Debt": 23109414000000.0,
        "Tangible Book Value": 106025897000000.0,
        "Invested Capital": 132208730000000.0,
        "Net Tangible Assets": 106025897000000.0,
        "Common Stock Equity": 109099316000000.0,
        "Total Capitalization": 132208730000000.0,
        "Total Equity Gross Minority Interest": 109186429000000.0,
        "Minority Interest": 87113000000.0,
        "Stockholders Equity": 109099316000000.0,
        "Other Equity Interest": 344658000000.0,
        "Retained Earnings": 48502536000000.0,
        "Additional Paid In Capital": 4995389000000.0,
        "Capital Stock": 37088774000000.0,
        "Common Stock": 37088774000000.0,
        "Total Liabilities Net Minority Interest": 1305799830000000.0,
        "Derivative Product Liabilities": 127446000000.0,
        "Long Term Debt And Capital Lease Obligation": 23109414000000.0,
        "Payables": 29653746000000.0,
        "Other Payable": 20803322000000.0,
        "Total Tax Payable": null,
        "Accounts Payable": 8850424000000.0,
        "Total Assets": 1414986259000000.0,
        "Investments And Advances": 176258157000000.0,
        "Investmentin Financial Assets": 173911981000000.0,
        "Held To Maturity Securities": 99482198000000.0,
        "Available For Sale Securities": 71114698000000.0,
        "Trading Securities": 2799649000000.0,
        "Long Term Equity Investment": 2346176000000.0,
        "Investmentsin Joint Venturesat Cost": 748895000000.0,
        "Investments In Other Ventures Under Equity Method": 1586461000000.0,
        "Investmentsin Associatesat Cost": 10820000000.0,
        "Goodwill And Other Intangible Assets": 3073419000000.0,
        "Other Intangible Assets": 3073419000000.0,
        "Net PPE": 7033373000000.0,
        "Accumulated Depreciation": -8173968000000.0,
        "Gross PPE": 15207341000000.0,
        "Construction In Progress": 1470486000000.0,
        "Other Properties": 3050460000000.0,
        "Machinery Furniture Equipment": 4852469000000.0,
        "Buildings And Improvements": 5833926000000.0,
        "Prepaid Assets": 1494992000000.0,
        "Receivables": 27482674000000.0,
        "Taxes Receivable": 12360000000.0,
        "Cash And Cash Equivalents": 221555458000000.0,
        "Cash Equivalents": 473000000.0,
        "Cash Financial": 18011293000000.0,
        "Cash Cash Equivalents And Federal Funds Sold": 221555458000000.0
      }
    },
    "annual_cash_flow": {
      "2024-12-31 00:00:00": {
        "Free Cash Flow": 57641458000000.0,
        "Capital Expenditure": -1481373000000.0,
        "End Cash Position": 430614185000000.0,
        "Beginning Cash Position": 372818730000000.0,
        "Changes In Cash": 57795455000000.0,
        "Financing Cash Flow": -19963000000.0,
        "Cash Dividends Paid": -19963000000.0,
        "Common Stock Dividend Paid": -19963000000.0,
        "Investing Cash Flow": -1307413000000.0,
        "Dividends Received Cfi": 160709000000.0,
        "Net Investment Purchase And Sale": 747000000.0,
        "Sale Of Investment": 747000000.0,
        "Purchase Of Investment": null,
        "Net Business Purchase And Sale": 747000000.0,
        "Sale Of Business": 747000000.0,
        "Purchase Of Business": null,
        "Net PPE Purchase And Sale": -1468869000000.0,
        "Sale Of PPE": 12504000000.0,
        "Purchase Of PPE": -1481373000000.0,
        "Operating Cash Flow": 59122831000000.0,
        "Cash Flowsfromusedin Operating Activities Direct": 59122831000000.0,
        "Classesof Cash Payments": -287599078000000.0,
        "Other Cash Paymentsfrom Operating Activities": -29833816000000.0,
        "Paymentson Behalfof Employees": -20922713000000.0,
        "Classesof Cash Receiptsfrom Operating Activities": 346721909000000.0,
        "Other Cash Receiptsfrom Operating Activities": 7211673000000.0
      },
      "2023-12-31 00:00:00": {
        "Free Cash Flow": -39556460000000.0,
        "Capital Expenditure": -1014930000000.0,
        "End Cash Position": 372818730000000.0,
        "Beginning Cash Position": 412235294000000.0,
        "Changes In Cash": -39416564000000.0,
        "Financing Cash Flow": -15627000000.0,
        "Cash Dividends Paid": -15627000000.0,
        "Common Stock Dividend Paid": -15627000000.0,
        "Investing Cash Flow": -859407000000.0,
        "Dividends Received Cfi": 146088000000.0,
        "Net Investment Purchase And Sale": 0.0,
        "Sale Of Investment": 0.0,
        "Purchase Of Investment": null,
        "Net Business Purchase And Sale": 0.0,
        "Sale Of Business": 0.0,
        "Purchase Of Business": null,
        "Net PPE Purchase And Sale": -1005495000000.0,
        "Sale Of PPE": 9435000000.0,
        "Purchase Of PPE": -1014930000000.0,
        "Operating Cash Flow": -38541530000000.0,
        "Cash Flowsfromusedin Operating Activities Direct": -38541530000000.0,
        "Classesof Cash Payments": -372128787000000.0,
        "Other Cash Paymentsfrom Operating Activities": -80401301000000.0,
        "Paymentson Behalfof Employees": -19932948000000.0,
        "Classesof Cash Receiptsfrom Operating Activities": 333587257000000.0,
        "Other Cash Receiptsfrom Operating Activities": 36204174000000.0
      },
      "2022-12-31 00:00:00": {
        "Free Cash Flow": 182705114000000.0,
        "Capital Expenditure": -716375000000.0,
        "End Cash Position": 412235294000000.0,
        "Beginning Cash Position": 232553995000000.0,
        "Changes In Cash": 179681299000000.0,
        "Financing Cash Flow": -3348022000000.0,
        "Cash Dividends Paid": -3348022000000.0,
        "Common Stock Dividend Paid": -3348022000000.0,
        "Investing Cash Flow": -392168000000.0,
        "Dividends Received Cfi": 106555000000.0,
        "Net Investment Purchase And Sale": 201899000000.0,
        "Sale Of Investment": 201899000000.0,
        "Purchase Of Investment": 0.0,
        "Net Business Purchase And Sale": null,
        "Sale Of Business": null,
        "Purchase Of Business": null,
        "Net PPE Purchase And Sale": -700622000000.0,
        "Sale Of PPE": 15753000000.0,
        "Purchase Of PPE": -716375000000.0,
        "Operating Cash Flow": 183421489000000.0,
        "Cash Flowsfromusedin Operating Activities Direct": 183421489000000.0,
        "Classesof Cash Payments": -290206235000000.0,
        "Other Cash Paymentsfrom Operating Activities": -46835589000000.0,
        "Paymentson Behalfof Employees": -19834116000000.0,
        "Classesof Cash Receiptsfrom Operating Activities": 473627724000000.0,
        "Other Cash Receiptsfrom Operating Activities": 77714639000000.0
      },
      "2021-12-31 00:00:00": {
        "Free Cash Flow": -58175107000000.0,
        "Capital Expenditure": -1622634000000.0,
        "End Cash Position": 232553995000000.0,
        "Beginning Cash Position": 292582702000000.0,
        "Changes In Cash": -60028707000000.0,
        "Financing Cash Flow": -1886298000000.0,
        "Cash Dividends Paid": -1886298000000.0,
        "Common Stock Dividend Paid": -1886298000000.0,
        "Investing Cash Flow": -1589936000000.0,
        "Dividends Received Cfi": 93953000000.0,
        "Net Investment Purchase And Sale": -69711000000.0,
        "Sale Of Investment": 13791000000.0,
        "Purchase Of Investment": -83502000000.0,
        "Net Business Purchase And Sale": -83502000000.0,
        "Sale Of Business": null,
        "Purchase Of Business": -83502000000.0,
        "Net PPE Purchase And Sale": -1614178000000.0,
        "Sale Of PPE": 8456000000.0,
        "Purchase Of PPE": -1622634000000.0,
        "Operating Cash Flow": -56552473000000.0,
        "Cash Flowsfromusedin Operating Activities Direct": -56552473000000.0,
        "Classesof Cash Payments": -251000292000000.0,
        "Other Cash Paymentsfrom Operating Activities": -44686876000000.0,
        "Paymentson Behalfof Employees": -16384599000000.0,
        "Classesof Cash Receiptsfrom Operating Activities": 194447819000000.0,
        "Other Cash Receiptsfrom Operating Activities": 5617513000000.0
      }
    }
  },
  "metrics": {
    "symbol": "VCB.VN",
    "timestamp": "2026-01-09T18:25:49.190635",
    "pe_ratio": 25.722986,
    "pb_ratio": 2.5515935,
    "dividend_yield": 0.71,
    "beta": 0.466,
    "eps": 2643.55,
    "roe": 0.17011,
    "roa": 0.0163,
    "debt_to_equity": null,
    "current_ratio": null,
    "quick_ratio": null,
    "profit_margin": 0.51143,
    "operating_margin": 0.65054,
    "free_cashflow": null,
    "52_week_high": 70600.0,
    "52_week_low": 52000.0,
    "revenue": 68657849827328,
    "gross_profit": 68657849827328,
    "operating_income": -58411756552192
  },
  "dividends": {
    "symbol": "VCB.VN",
    "timestamp": "2026-01-09T18:25:49.371751",
    "total_records": 1,
    "dividends": [
      {
        "date": "2025-10-03T00:00:00+07:00",
        "amount": 450.0
      }
    ]
  },
  "splits": {
    "symbol": "VCB.VN",
    "timestamp": "2026-01-09T18:25:49.417657",
    "total_records": 2,
    "splits": [
      {
        "date": "2023-07-25T00:00:00+07:00",
        "ratio": 1.181
      },
      {
        "date": "2025-03-12T00:00:00+07:00",
        "ratio": 1.495
      }
    ]
  }
}