{
  "symbol": "BVH.VN",
  "timestamp": "2026-01-09T18:25:12.202242",
  "quarterly": {
    "symbol": "BVH.VN",
    "timestamp": "2026-01-09T18:25:12.491801",
    "quarterly_financials": {
      "2025-06-30 00:00:00": {
        "Tax Effect Of Unusual Items": 74757753.842539,
        "Tax Rate For Calcs": 0.163709,
        "Total Unusual Items": 456651069.0,
        "Total Unusual Items Excluding Goodwill": 456651069.0,
        "Net Income From Continuing Operation Net Minority Interest": 677222644437.0,
        "Reconciled Depreciation": 60889276597.0,
        "EBIT": 1242408811495.0,
        "Net Interest Income": -474435663101.0,
        "Interest Expense": 399689049063.0,
        "Interest Income": 3193931473036.0,
        "Normalized Income": 676840751121.8425,
        "Net Income From Continuing And Discontinued Operation": 677222644437.0,
        "Total Expenses": 14135376534944.0,
        "Diluted Average Shares": 742568689.0,
        "Basic Average Shares": 742568689.0,
        "Diluted EPS": 912.0,
        "Basic EPS": 912.0,
        "Diluted NI Availto Com Stockholders": 677222644437.0,
        "Net Income Common Stockholders": 677222644437.0,
        "Net Income": 677222644437.0,
        "Minority Interests": -27536559409.0,
        "Net Income Including Noncontrolling Interests": 704759203846.0,
        "Net Income Continuous Operations": 704759203846.0,
        "Tax Provision": 137960558586.0,
        "Pretax Income": 842719762432.0,
        "Other Income Expense": 50050335721.0,
        "Special Income Charges": 456651069.0,
        "Other Special Charges": -456651069.0,
        "Net Non Operating Interest Income Expense": -474435663101.0,
        "Total Other Finance Cost": 74746614038.0,
        "Interest Expense Non Operating": 399689049063.0,
        "Other Operating Expenses": 1015925452848.0,
        "Depreciation And Amortization In Income Statement": 55091299665.0,
        "Depreciation Income Statement": 55091299665.0,
        "Selling General And Administration": 531276587895.0,
        "Selling And Marketing Expense": 531276587895.0,
        "Total Revenue": 14978096297376.0,
        "Operating Revenue": 14978096297376.0,
        "Net Policyholder Benefits And Claims": 5634248786990.0
      },
      "2025-03-31 00:00:00": {
        "Tax Effect Of Unusual Items": 102902517.687156,
        "Tax Rate For Calcs": 0.189688,
        "Total Unusual Items": 542483006.0,
        "Total Unusual Items Excluding Goodwill": 542483006.0,
        "Net Income From Continuing Operation Net Minority Interest": 683910201596.0,
        "Reconciled Depreciation": 60175459945.0,
        "EBIT": 1250618036312.0,
        "Net Interest Income": -434377623209.0,
        "Interest Expense": 378323553577.0,
        "Interest Income": 2966342199564.0,
        "Normalized Income": 683470621107.6871,
        "Net Income From Continuing And Discontinued Operation": 683910201596.0,
        "Total Expenses": 12282405584278.0,
        "Diluted Average Shares": 742322764.0,
        "Basic Average Shares": 742322764.0,
        "Diluted EPS": 921.0,
        "Basic EPS": 921.0,
        "Diluted NI Availto Com Stockholders": 683910201596.0,
        "Net Income Common Stockholders": 683910201596.0,
        "Net Income": 683910201596.0,
        "Minority Interests": -22920483296.0,
        "Net Income Including Noncontrolling Interests": 706830684892.0,
        "Net Income Continuous Operations": 706830684892.0,
        "Tax Provision": 165463797843.0,
        "Pretax Income": 872294482735.0,
        "Other Income Expense": 48584462689.0,
        "Special Income Charges": 542483006.0,
        "Other Special Charges": -542483006.0,
        "Net Non Operating Interest Income Expense": -434377623209.0,
        "Total Other Finance Cost": 56054069632.0,
        "Interest Expense Non Operating": 378323553577.0,
        "Other Operating Expenses": 701264496200.0,
        "Depreciation And Amortization In Income Statement": 54568883382.0,
        "Depreciation Income Statement": 54568883382.0,
        "Selling General And Administration": 505125878143.0,
        "Selling And Marketing Expense": 505125878143.0,
        "Total Revenue": 13154700067013.0,
        "Operating Revenue": 13154700067013.0,
        "Net Policyholder Benefits And Claims": 4520237608345.0
      },
      "2024-12-31 00:00:00": {
        "Tax Effect Of Unusual Items": 80364423.053278,
        "Tax Rate For Calcs": 0.179681,
        "Total Unusual Items": 447262173.0,
        "Total Unusual Items Excluding Goodwill": 447262173.0,
        "Net Income From Continuing Operation Net Minority Interest": 536031058709.0,
        "Reconciled Depreciation": 114024389779.0,
        "EBIT": 977364164751.0,
        "Net Interest Income": -376095243383.0,
        "Interest Expense": 320454126683.0,
        "Interest Income": 2973011499920.0,
        "Normalized Income": 535664160959.0533,
        "Net Income From Continuing And Discontinued Operation": 536031058709.0,
        "Total Expenses": 13862895315245.0,
        "Diluted Average Shares": 742425289.0,
        "Basic Average Shares": 742425289.0,
        "Diluted EPS": 722.0,
        "Basic EPS": 722.0,
        "Diluted NI Availto Com Stockholders": 536031058709.0,
        "Net Income Common Stockholders": 536031058709.0,
        "Net Income": 536031058709.0,
        "Minority Interests": -2844861130.0,
        "Net Income Including Noncontrolling Interests": 538875919839.0,
        "Net Income Continuous Operations": 538875919839.0,
        "Tax Provision": 118034118229.0,
        "Pretax Income": 656910038068.0,
        "Other Income Expense": 33799010436.0,
        "Special Income Charges": 447262173.0,
        "Other Special Charges": -447262173.0,
        "Net Non Operating Interest Income Expense": -376095243383.0,
        "Total Other Finance Cost": 55641116700.0,
        "Interest Expense Non Operating": 320454126683.0,
        "Other Operating Expenses": 814834254135.0,
        "Depreciation And Amortization In Income Statement": 58684572113.0,
        "Depreciation Income Statement": 58684572113.0,
        "Selling General And Administration": 409205589799.0,
        "Selling And Marketing Expense": 409205589799.0,
        "Total Revenue": 14519805353313.0,
        "Operating Revenue": 14519805353313.0,
        "Net Policyholder Benefits And Claims": 5055918115656.0
      },
      "2024-09-30 00:00:00": {
        "Tax Effect Of Unusual Items": 8185977.743579,
        "Tax Rate For Calcs": 0.185547,
        "Total Unusual Items": 44118181.0,
        "Total Unusual Items Excluding Goodwill": 44118181.0,
        "Net Income From Continuing Operation Net Minority Interest": 535587776514.0,
        "Reconciled Depreciation": 61404444977.0,
        "EBIT": 928898396187.0,
        "Net Interest Income": -283825460552.0,
        "Interest Expense": 241744389681.0,
        "Interest Income": 2877169136629.0,
        "Normalized Income": 535551844310.7436,
        "Net Income From Continuing And Discontinued Operation": 535587776514.0,
        "Total Expenses": 12151963829140.0,
        "Diluted Average Shares": 757549896.0,
        "Basic Average Shares": 757549896.0,
        "Diluted EPS": 707.0,
        "Basic EPS": 707.0,
        "Diluted NI Availto Com Stockholders": 535587776514.0,
        "Net Income Common Stockholders": 535587776514.0,
        "Net Income": 535587776514.0,
        "Minority Interests": -24067151921.0,
        "Net Income Including Noncontrolling Interests": 559654928435.0,
        "Net Income Continuous Operations": 559654928435.0,
        "Tax Provision": 127499078071.0,
        "Pretax Income": 687154006506.0,
        "Other Income Expense": 49993063411.0,
        "Special Income Charges": 44118181.0,
        "Other Special Charges": -44118181.0,
        "Net Non Operating Interest Income Expense": -283825460552.0,
        "Total Other Finance Cost": 42081070871.0,
        "Interest Expense Non Operating": 241744389681.0,
        "Other Operating Expenses": 658313212307.0,
        "Depreciation And Amortization In Income Statement": 53223136959.0,
        "Depreciation Income Statement": 53223136959.0,
        "Selling General And Administration": 367319670841.0,
        "Selling And Marketing Expense": 367319670841.0,
        "Total Revenue": 12839117835646.0,
        "Operating Revenue": 12839117835646.0,
        "Net Policyholder Benefits And Claims": 5137617699702.0
      },
      "2024-06-30 00:00:00": {
        "Tax Effect Of Unusual Items": 26196175.565408,
        "Tax Rate For Calcs": 0.174746,
        "Total Unusual Items": 149910244.0,
        "Total Unusual Items Excluding Goodwill": 149910244.0,
        "Net Income From Continuing Operation Net Minority Interest": 424864635983.0,
        "Reconciled Depreciation": 131593903217.0,
        "EBIT": 763954973060.0,
        "Net Interest Income": -275466905090.0,
        "Interest Expense": 232443258821.0,
        "Interest Income": 2875891668976.0,
        "Normalized Income": 424740921914.5654,
        "Net Income From Continuing And Discontinued Operation": 424864635983.0,
        "Total Expenses": 13459588556868.0,
        "Diluted Average Shares": 722558905.0,
        "Basic Average Shares": 722558905.0,
        "Diluted EPS": 588.0,
        "Basic EPS": 588.0,
        "Diluted NI Availto Com Stockholders": 424864635983.0,
        "Net Income Common Stockholders": 424864635983.0,
        "Net Income": 424864635983.0,
        "Minority Interests": -13767673822.0,
        "Net Income Including Noncontrolling Interests": 438632309805.0,
        "Net Income Continuous Operations": 438632309805.0,
        "Tax Provision": 92879404434.0,
        "Pretax Income": 531511714239.0,
        "Other Income Expense": 58662762262.0,
        "Special Income Charges": 149910244.0,
        "Other Special Charges": -149910244.0,
        "Net Non Operating Interest Income Expense": -275466905090.0,
        "Total Other Finance Cost": 43023646269.0,
        "Interest Expense Non Operating": 232443258821.0,
        "Other Operating Expenses": 665834961432.0,
        "Depreciation And Amortization In Income Statement": 52057862211.0,
        "Depreciation Income Statement": 52057862211.0,
        "Selling General And Administration": 250748972206.0,
        "Selling And Marketing Expense": 250748972206.0,
        "Total Revenue": 13991100271107.0,
        "Operating Revenue": 13991100271107.0,
        "Net Policyholder Benefits And Claims": 5145333848107.0
      }
    },
    "quarterly_balance_sheet": {
      "2025-06-30 00:00:00": {
        "Ordinary Shares Number": 742322764.0,
        "Share Issued": 742322764.0,
        "Net Debt": 1497536420220.0,
        "Total Debt": 3494685053133.0,
        "Tangible Book Value": 22823305745882.0,
        "Invested Capital": 27285788983219.0,
        "Net Tangible Assets": 22823305745882.0,
        "Common Stock Equity": 23791103930086.0,
        "Total Capitalization": 23792103930086.0,
        "Total Equity Gross Minority Interest": 24802424789554.0,
        "Minority Interest": 1011320859468.0,
        "Stockholders Equity": 23791103930086.0,
        "Other Equity Interest": 103568802818.0,
        "Retained Earnings": 4262016732065.0,
        "Additional Paid In Capital": 7310458742807.0,
        "Capital Stock": 7423227640000.0,
        "Common Stock": 7423227640000.0,
        "Total Liabilities Net Minority Interest": 239321481548413.0,
        "Non Current Pension And Other Postretirement Benefit Plans": 309283594613.0,
        "Non Current Accrued Expenses": 209320193597.0,
        "Non Current Deferred Revenue": 646701824561.0,
        "Non Current Deferred Taxes Liabilities": 3468180010.0,
        "Long Term Debt And Capital Lease Obligation": 1000000000.0,
        "Long Term Debt": 1000000000.0,
        "Current Debt And Capital Lease Obligation": 3493685053133.0,
        "Current Debt": 3493685053133.0,
        "Payables": 5402501518225.0,
        "Other Payable": 2204514547364.0,
        "Total Tax Payable": 225869586521.0,
        "Accounts Payable": 2972117384340.0,
        "Total Assets": 264123906337967.0,
        "Non Current Deferred Taxes Assets": 10055161683.0,
        "Investments And Advances": 241913830178398.0,
        "Investmentin Financial Assets": 121158147815976.0,
        "Held To Maturity Securities": 121158147815976.0,
        "Long Term Equity Investment": 4140715896067.0,
        "Investmentsin Joint Venturesat Cost": 2869968858284.0,
        "Investments In Other Ventures Under Equity Method": 1270747037783.0,
        "Investment Properties": 107042504122.0,
        "Goodwill And Other Intangible Assets": 967798184204.0,
        "Other Intangible Assets": 967798184204.0,
        "Net PPE": 1026281042601.0,
        "Accumulated Depreciation": -1914083449345.0,
        "Gross PPE": 2940364491946.0,
        "Construction In Progress": 191167453956.0,
        "Other Properties": 1103689028278.0,
        "Machinery Furniture Equipment": 285396749791.0,
        "Buildings And Improvements": 1360111259921.0,
        "Prepaid Assets": 2488920152809.0,
        "Inventory": 82547492517.0,
        "Receivables Adjustments Allowances": -278722718802.0,
        "Other Receivables": 475267358308.0,
        "Taxes Receivable": 5580921257.0,
        "Accounts Receivable": 10079502452567.0,
        "Cash Cash Equivalents And Short Term Investments": 118612115099268.0,
        "Other Short Term Investments": 116614966466355.0,
        "Cash And Cash Equivalents": 1997148632913.0
      },
      "2025-03-31 00:00:00": {
        "Ordinary Shares Number": 742322764.0,
        "Share Issued": 742322764.0,
        "Net Debt": 2298599983164.0,
        "Total Debt": 3235875617979.0,
        "Tangible Book Value": 22282952942225.0,
        "Invested Capital": 26511337704494.0,
        "Net Tangible Assets": 22282952942225.0,
        "Common Stock Equity": 23275462086515.0,
        "Total Capitalization": 23275462086515.0,
        "Total Equity Gross Minority Interest": 24272717744815.0,
        "Minority Interest": 997255658300.0,
        "Stockholders Equity": 23275462086515.0,
        "Other Equity Interest": 103568802818.0,
        "Retained Earnings": 4686000495709.0,
        "Additional Paid In Capital": 7310458742807.0,
        "Capital Stock": 7423227640000.0,
        "Common Stock": 7423227640000.0,
        "Total Liabilities Net Minority Interest": 231544762509371.0,
        "Non Current Pension And Other Postretirement Benefit Plans": 179508867062.0,
        "Non Current Accrued Expenses": 166710456915.0,
        "Non Current Deferred Revenue": 548220754365.0,
        "Non Current Deferred Taxes Liabilities": 2955536304.0,
        "Long Term Debt And Capital Lease Obligation": null,
        "Long Term Debt": null,
        "Current Debt And Capital Lease Obligation": 3235875617979.0,
        "Current Debt": 3235875617979.0,
        "Payables": 4657847263519.0,
        "Other Payable": 1511067806591.0,
        "Total Tax Payable": 362090517117.0,
        "Accounts Payable": 2784688939811.0,
        "Total Assets": 255817480254186.0,
        "Non Current Deferred Taxes Assets": 8688495858.0,
        "Investments And Advances": 236603244578938.0,
        "Investmentin Financial Assets": 118346005442785.0,
        "Held To Maturity Securities": 118346005442785.0,
        "Long Term Equity Investment": 4061890717042.0,
        "Investmentsin Joint Venturesat Cost": 2844186328999.0,
        "Investments In Other Ventures Under Equity Method": 1217704388043.0,
        "Investment Properties": 108501886530.0,
        "Goodwill And Other Intangible Assets": 992509144290.0,
        "Other Intangible Assets": 992509144290.0,
        "Net PPE": 1050081780613.0,
        "Accumulated Depreciation": -1884187575917.0,
        "Gross PPE": 2934269356530.0,
        "Construction In Progress": 193648858002.0,
        "Other Properties": 1095639563536.0,
        "Machinery Furniture Equipment": 284843898736.0,
        "Buildings And Improvements": 1360137036256.0,
        "Prepaid Assets": 2530998931307.0,
        "Inventory": 91128256186.0,
        "Receivables Adjustments Allowances": -253665079073.0,
        "Other Receivables": 471406534408.0,
        "Taxes Receivable": 5310444682.0,
        "Accounts Receivable": 8010576719475.0,
        "Cash Cash Equivalents And Short Term Investments": 115132624053926.0,
        "Other Short Term Investments": 114195348419111.0,
        "Cash And Cash Equivalents": 937275634815.0
      },
      "2024-12-31 00:00:00": {
        "Ordinary Shares Number": 742322764.0,
        "Share Issued": 742322764.0,
        "Net Debt": 1449649230430.0,
        "Total Debt": 2910226356811.0,
        "Tangible Book Value": 21526824092760.0,
        "Invested Capital": 25455184962997.0,
        "Net Tangible Assets": 21526824092760.0,
        "Common Stock Equity": 22544958606186.0,
        "Total Capitalization": 22544958606186.0,
        "Total Equity Gross Minority Interest": 23506572713003.0,
        "Minority Interest": 961614106817.0,
        "Stockholders Equity": 22544958606186.0,
        "Other Equity Interest": 103568802818.0,
        "Retained Earnings": 3961500334269.0,
        "Additional Paid In Capital": 7310458742807.0,
        "Capital Stock": 7423227640000.0,
        "Common Stock": 7423227640000.0,
        "Total Liabilities Net Minority Interest": 227711204753433.0,
        "Non Current Pension And Other Postretirement Benefit Plans": 224649131416.0,
        "Non Current Accrued Expenses": null,
        "Non Current Deferred Revenue": 594986648013.0,
        "Non Current Deferred Taxes Liabilities": 2707427169.0,
        "Long Term Debt And Capital Lease Obligation": null,
        "Long Term Debt": null,
        "Current Debt And Capital Lease Obligation": 2910226356811.0,
        "Current Debt": 2910226356811.0,
        "Payables": 5290129268342.0,
        "Other Payable": 2359688121265.0,
        "Total Tax Payable": 199610950156.0,
        "Accounts Payable": 2730830196921.0,
        "Total Assets": 251217777466436.0,
        "Non Current Deferred Taxes Assets": 8037623814.0,
        "Investments And Advances": 231546478830476.0,
        "Investmentin Financial Assets": 123543651525729.0,
        "Held To Maturity Securities": 123543651525729.0,
        "Long Term Equity Investment": 4104084412851.0,
        "Investmentsin Joint Venturesat Cost": 2887389242184.0,
        "Investments In Other Ventures Under Equity Method": 1216695170667.0,
        "Investment Properties": 109961268939.0,
        "Goodwill And Other Intangible Assets": 1018134513426.0,
        "Other Intangible Assets": 1018134513426.0,
        "Net PPE": 1048317250343.0,
        "Accumulated Depreciation": -1852414668087.0,
        "Gross PPE": 2900731918430.0,
        "Construction In Progress": 176766077344.0,
        "Other Properties": 1088899065204.0,
        "Machinery Furniture Equipment": 277438502373.0,
        "Buildings And Improvements": 1357628273509.0,
        "Prepaid Assets": 2472225913524.0,
        "Inventory": 100390396111.0,
        "Receivables Adjustments Allowances": -262129289168.0,
        "Other Receivables": 381066706020.0,
        "Taxes Receivable": 5267584752.0,
        "Accounts Receivable": 7873066310246.0,
        "Cash Cash Equivalents And Short Term Investments": 105359320018277.0,
        "Other Short Term Investments": 103898742891896.0,
        "Cash And Cash Equivalents": 1460577126381.0
      },
      "2024-09-30 00:00:00": {
        "Ordinary Shares Number": 742322764.0,
        "Share Issued": 742322764.0,
        "Net Debt": null,
        "Total Debt": 1884031736195.0,
        "Tangible Book Value": 21726034238140.0,
        "Invested Capital": 24653568829738.0,
        "Net Tangible Assets": 21726034238140.0,
        "Common Stock Equity": 22769537093543.0,
        "Total Capitalization": 22769836833543.0,
        "Total Equity Gross Minority Interest": 23752814310919.0,
        "Minority Interest": 983277217376.0,
        "Stockholders Equity": 22769537093543.0,
        "Other Equity Interest": 103568802818.0,
        "Retained Earnings": 4212811471478.0,
        "Additional Paid In Capital": 7310458742807.0,
        "Capital Stock": 7423227640000.0,
        "Common Stock": 7423227640000.0,
        "Total Liabilities Net Minority Interest": 214466291260485.0,
        "Non Current Pension And Other Postretirement Benefit Plans": 273454566829.0,
        "Non Current Accrued Expenses": null,
        "Non Current Deferred Revenue": 470925282188.0,
        "Non Current Deferred Taxes Liabilities": 1356235728.0,
        "Long Term Debt And Capital Lease Obligation": 299740000.0,
        "Long Term Debt": 299740000.0,
        "Current Debt And Capital Lease Obligation": 1883731996195.0,
        "Current Debt": 1883731996195.0,
        "Payables": 5082703330159.0,
        "Other Payable": 2396899112591.0,
        "Total Tax Payable": 189933308536.0,
        "Accounts Payable": 2495870909032.0,
        "Total Assets": 238219105571404.0,
        "Non Current Deferred Taxes Assets": 11346920975.0,
        "Investments And Advances": 217833475673793.0,
        "Investmentin Financial Assets": 120508695072080.0,
        "Held To Maturity Securities": 120508695072080.0,
        "Long Term Equity Investment": 4073567316408.0,
        "Investmentsin Joint Venturesat Cost": 2848957999543.0,
        "Investments In Other Ventures Under Equity Method": 1224609316865.0,
        "Investment Properties": 111420651340.0,
        "Goodwill And Other Intangible Assets": 1043502855403.0,
        "Other Intangible Assets": 1043502855403.0,
        "Net PPE": 1057082500307.0,
        "Accumulated Depreciation": -1825765051770.0,
        "Gross PPE": 2882847552077.0,
        "Construction In Progress": 188611229119.0,
        "Other Properties": 1058694738988.0,
        "Machinery Furniture Equipment": 277144012373.0,
        "Buildings And Improvements": 1358397571597.0,
        "Prepaid Assets": 2404493888867.0,
        "Inventory": 91812648790.0,
        "Receivables Adjustments Allowances": -262749072475.0,
        "Other Receivables": 493712387654.0,
        "Taxes Receivable": 5292490536.0,
        "Accounts Receivable": 7398400325430.0,
        "Cash Cash Equivalents And Short Term Investments": 95743218748468.0,
        "Other Short Term Investments": 93251213285305.0,
        "Cash And Cash Equivalents": 2492005463163.0
      },
      "2024-06-30 00:00:00": {
        "Ordinary Shares Number": 742322764.0,
        "Share Issued": 742322764.0,
        "Net Debt": null,
        "Total Debt": 3613569393833.0,
        "Tangible Book Value": 21204197189255.0,
        "Invested Capital": 25884939453145.0,
        "Net Tangible Assets": 21204197189255.0,
        "Common Stock Equity": 22271370059312.0,
        "Total Capitalization": 22271669799312.0,
        "Total Equity Gross Minority Interest": 23232457088883.0,
        "Minority Interest": 961087029571.0,
        "Stockholders Equity": 22271370059312.0,
        "Other Equity Interest": 103568802818.0,
        "Retained Earnings": 3735812996595.0,
        "Additional Paid In Capital": 7310458742807.0,
        "Capital Stock": 7423227640000.0,
        "Common Stock": 7423227640000.0,
        "Total Liabilities Net Minority Interest": 211611350505428.0,
        "Non Current Pension And Other Postretirement Benefit Plans": 256899060963.0,
        "Non Current Accrued Expenses": null,
        "Non Current Deferred Revenue": 476953550282.0,
        "Non Current Deferred Taxes Liabilities": 3360776859.0,
        "Long Term Debt And Capital Lease Obligation": 299740000.0,
        "Long Term Debt": 299740000.0,
        "Current Debt And Capital Lease Obligation": 3613269653833.0,
        "Current Debt": 3613269653833.0,
        "Payables": 4640848993256.0,
        "Other Payable": 1965774828004.0,
        "Total Tax Payable": 155954306251.0,
        "Accounts Payable": 2519119859001.0,
        "Total Assets": 234843807594311.0,
        "Non Current Deferred Taxes Assets": 11003013400.0,
        "Investments And Advances": 210092817940317.0,
        "Investmentin Financial Assets": 111844980546649.0,
        "Held To Maturity Securities": 111844980546649.0,
        "Long Term Equity Investment": 4051975361896.0,
        "Investmentsin Joint Venturesat Cost": 2823860884356.0,
        "Investments In Other Ventures Under Equity Method": 1228114477540.0,
        "Investment Properties": 112880033748.0,
        "Goodwill And Other Intangible Assets": 1067172870057.0,
        "Other Intangible Assets": 1067172870057.0,
        "Net PPE": 1056992777450.0,
        "Accumulated Depreciation": -1796333142279.0,
        "Gross PPE": 2853325919729.0,
        "Construction In Progress": 188572036444.0,
        "Other Properties": 1051353263489.0,
        "Machinery Furniture Equipment": 273498054947.0,
        "Buildings And Improvements": 1339902564849.0,
        "Prepaid Assets": 2379264679438.0,
        "Inventory": 93784040005.0,
        "Receivables Adjustments Allowances": -267933348610.0,
        "Other Receivables": 502530072747.0,
        "Taxes Receivable": 5115375127.0,
        "Accounts Receivable": 8046977986347.0,
        "Cash Cash Equivalents And Short Term Investments": 100512880484988.0,
        "Other Short Term Investments": 94195862031772.0,
        "Cash And Cash Equivalents": 6317018453216.0
      }
    },
    "quarterly_cash_flow": {
      "2025-06-30 00:00:00": {
        "Free Cash Flow": 8859083554264.0,
        "Repayment Of Debt": -12347802860619.0,
        "Issuance Of Debt": 7272741778137.0,
        "Capital Expenditure": -31184733868.0,
        "End Cash Position": 1997148632913.0,
        "Beginning Cash Position": 937275634815.0,
        "Effect Of Exchange Rate Changes": 1783567907.0,
        "Changes In Cash": 1058089430191.0,
        "Financing Cash Flow": -5075064572402.0,
        "Cash Dividends Paid": null,
        "Common Stock Dividend Paid": null,
        "Net Issuance Payments Of Debt": -5075061082482.0,
        "Net Long Term Debt Issuance": -5075061082482.0,
        "Long Term Debt Payments": -12347802860619.0,
        "Long Term Debt Issuance": 7272741778137.0,
        "Investing Cash Flow": -2757114285539.0,
        "Interest Received Cfi": 2819579980442.0,
        "Net Business Purchase And Sale": null,
        "Purchase Of Business": null,
        "Net PPE Purchase And Sale": -31008952959.0,
        "Sale Of PPE": 175780909.0,
        "Purchase Of PPE": -31184733868.0,
        "Operating Cash Flow": 8890268288132.0,
        "Taxes Refund Paid": -156034301377.0,
        "Interest Paid Cfo": -247374263408.0,
        "Change In Working Capital": 7875560889076.0,
        "Change In Other Current Assets": 12434010012.0,
        "Change In Payable": 9015260380865.0,
        "Change In Prepaid Assets": 35392236506.0,
        "Change In Inventory": 8580763669.0,
        "Change In Receivables": -1196106501976.0,
        "Other Non Cash Items": 399689049063.0,
        "Provisionand Write Offof Assets": 3533226381510.0,
        "Depreciation And Amortization": 60889276597.0,
        "Depreciation": 60889276597.0,
        "Gain Loss On Investment Securities": -3416738595592.0,
        "Net Foreign Currency Exchange Gain Loss": 758595106.0,
        "Net Income From Continuing Operations": 817624506542.0
      },
      "2025-03-31 00:00:00": {
        "Free Cash Flow": 967871287736.0,
        "Repayment Of Debt": -23143760098728.0,
        "Issuance Of Debt": 23275403653474.0,
        "Capital Expenditure": -26385222669.0,
        "End Cash Position": 937275634815.0,
        "Beginning Cash Position": 1464088127113.0,
        "Effect Of Exchange Rate Changes": -379545113.0,
        "Changes In Cash": -526432947185.0,
        "Financing Cash Flow": 131643554746.0,
        "Cash Dividends Paid": null,
        "Common Stock Dividend Paid": null,
        "Net Issuance Payments Of Debt": 131643554746.0,
        "Net Long Term Debt Issuance": 131643554746.0,
        "Long Term Debt Payments": -23143760098728.0,
        "Long Term Debt Issuance": 23275403653474.0,
        "Investing Cash Flow": -1652333012336.0,
        "Interest Received Cfi": 2974400405604.0,
        "Net Business Purchase And Sale": null,
        "Purchase Of Business": null,
        "Net PPE Purchase And Sale": -25787287533.0,
        "Sale Of PPE": 597935136.0,
        "Purchase Of PPE": -26385222669.0,
        "Operating Cash Flow": 994256510405.0,
        "Taxes Refund Paid": -143950472088.0,
        "Interest Paid Cfo": -484347622766.0,
        "Change In Working Capital": -398043617426.0,
        "Change In Other Current Assets": 8282409978.0,
        "Change In Payable": -178100158177.0,
        "Change In Prepaid Assets": -24395216780.0,
        "Change In Inventory": 9351503731.0,
        "Change In Receivables": -213182156178.0,
        "Other Non Cash Items": 378323553577.0,
        "Provisionand Write Offof Assets": 4060123427327.0,
        "Depreciation And Amortization": 60175459945.0,
        "Depreciation": 60175459945.0,
        "Gain Loss On Investment Securities": -3273737126884.0,
        "Net Foreign Currency Exchange Gain Loss": 4063440349.0,
        "Net Income From Continuing Operations": 872294482735.0
      },
      "2024-12-31 00:00:00": {
        "Free Cash Flow": 2679229612320.0,
        "Repayment Of Debt": -3180515840000.0,
        "Issuance Of Debt": 12228301080000.0,
        "Capital Expenditure": -43750705265.0,
        "End Cash Position": 1464088127113.0,
        "Beginning Cash Position": 2482005463163.0,
        "Effect Of Exchange Rate Changes": 190850472.0,
        "Changes In Cash": -1018108186522.0,
        "Financing Cash Flow": 8280710583633.0,
        "Cash Dividends Paid": -767074656367.0,
        "Common Stock Dividend Paid": -767074656367.0,
        "Net Issuance Payments Of Debt": 9047785240000.0,
        "Net Long Term Debt Issuance": 9047785240000.0,
        "Long Term Debt Payments": -3180515840000.0,
        "Long Term Debt Issuance": 12228301080000.0,
        "Investing Cash Flow": -12021799087740.0,
        "Interest Received Cfi": 2941840881283.0,
        "Net Business Purchase And Sale": null,
        "Purchase Of Business": null,
        "Net PPE Purchase And Sale": -43319087083.0,
        "Sale Of PPE": 431618182.0,
        "Purchase Of PPE": -43750705265.0,
        "Operating Cash Flow": 2722980317585.0,
        "Taxes Refund Paid": -119757549110.0,
        "Interest Paid Cfo": -31640508878.0,
        "Change In Working Capital": 645512157900.0,
        "Change In Other Current Assets": 23790361850.0,
        "Change In Payable": -487198215383.0,
        "Change In Prepaid Assets": -121078201649.0,
        "Change In Inventory": -8633811127.0,
        "Change In Receivables": 1238632024209.0,
        "Other Non Cash Items": 320537282846.0,
        "Provisionand Write Offof Assets": 4332402833531.0,
        "Depreciation And Amortization": 114024389779.0,
        "Depreciation": 114024389779.0,
        "Gain Loss On Investment Securities": -3235181137860.0,
        "Net Foreign Currency Exchange Gain Loss": 6037995155.0,
        "Net Income From Continuing Operations": 699671288788.0
      },
      "2024-09-30 00:00:00": {
        "Free Cash Flow": 1984814761876.0,
        "Repayment Of Debt": -25903200623000.0,
        "Issuance Of Debt": 23834682446399.0,
        "Capital Expenditure": -33944059281.0,
        "End Cash Position": 2482005463163.0,
        "Beginning Cash Position": 5992291038616.0,
        "Effect Of Exchange Rate Changes": -683234523.0,
        "Changes In Cash": -3509602340930.0,
        "Financing Cash Flow": -2068518176601.0,
        "Cash Dividends Paid": 0.0,
        "Common Stock Dividend Paid": 0.0,
        "Net Issuance Payments Of Debt": -2068518176601.0,
        "Net Long Term Debt Issuance": -2068518176601.0,
        "Long Term Debt Payments": -25903200623000.0,
        "Long Term Debt Issuance": 23834682446399.0,
        "Investing Cash Flow": -3459842985486.0,
        "Interest Received Cfi": 3559787073608.0,
        "Net Business Purchase And Sale": 0.0,
        "Purchase Of Business": 0.0,
        "Net PPE Purchase And Sale": -33856828372.0,
        "Sale Of PPE": 87230909.0,
        "Purchase Of PPE": -33944059281.0,
        "Operating Cash Flow": 2018758821157.0,
        "Taxes Refund Paid": -93146996612.0,
        "Interest Paid Cfo": -326267030040.0,
        "Change In Working Capital": -599938390776.0,
        "Change In Other Current Assets": -103817566456.0,
        "Change In Payable": -226092265910.0,
        "Change In Prepaid Assets": -25987934882.0,
        "Change In Inventory": 1971391215.0,
        "Change In Receivables": -246012014743.0,
        "Other Non Cash Items": 241744389681.0,
        "Provisionand Write Offof Assets": 5201491902440.0,
        "Depreciation And Amortization": 61404444977.0,
        "Depreciation": 61404444977.0,
        "Gain Loss On Investment Securities": -3123289563933.0,
        "Net Foreign Currency Exchange Gain Loss": -792823832.0,
        "Net Income From Continuing Operations": 687154006506.0
      },
      "2024-06-30 00:00:00": {
        "Free Cash Flow": -391970614661.0,
        "Repayment Of Debt": -11486395338500.0,
        "Issuance Of Debt": 7069111900000.0,
        "Capital Expenditure": -35440972266.0,
        "End Cash Position": 5992291038616.0,
        "Beginning Cash Position": 7527514649559.0,
        "Effect Of Exchange Rate Changes": 686766982.0,
        "Changes In Cash": -1535910377925.0,
        "Financing Cash Flow": -4417283438500.0,
        "Cash Dividends Paid": 0.0,
        "Common Stock Dividend Paid": 0.0,
        "Net Issuance Payments Of Debt": -4417283438500.0,
        "Net Long Term Debt Issuance": -4417283438500.0,
        "Long Term Debt Payments": -11486395338500.0,
        "Long Term Debt Issuance": 7069111900000.0,
        "Investing Cash Flow": 3237902702970.0,
        "Interest Received Cfi": 2564775449237.0,
        "Net Business Purchase And Sale": null,
        "Purchase Of Business": null,
        "Net PPE Purchase And Sale": -35275399539.0,
        "Sale Of PPE": 165572727.0,
        "Purchase Of PPE": -35440972266.0,
        "Operating Cash Flow": -356529642395.0,
        "Taxes Refund Paid": -113281356744.0,
        "Interest Paid Cfo": -160148854788.0,
        "Change In Working Capital": -2327169445162.0,
        "Change In Other Current Assets": -286965956134.0,
        "Change In Payable": -14397218053.0,
        "Change In Prepaid Assets": 117929758728.0,
        "Change In Inventory": 22265439072.0,
        "Change In Receivables": -2166001468775.0,
        "Other Non Cash Items": 232443258821.0,
        "Provisionand Write Offof Assets": 4487867413364.0,
        "Depreciation And Amortization": 131593903217.0,
        "Depreciation": 131593903217.0,
        "Gain Loss On Investment Securities": -3124740448106.0,
        "Net Foreign Currency Exchange Gain Loss": 9104779781.0,
        "Net Income From Continuing Operations": 534481375377.0
      }
    }
  },
  "annual": {
    "symbol": "BVH.VN",
    "timestamp": "2026-01-09T18:25:13.036210",
    "annual_financials": {
      "2024-12-31 00:00:00": {
        "Tax Effect Of Unusual Items": 143311661.218892,
        "Tax Rate For Calcs": 0.176107,
        "Total Unusual Items": 813776524.0,
        "Total Unusual Items Excluding Goodwill": 813776524.0,
        "Net Income From Continuing Operation Net Minority Interest": 2110496926600.0,
        "Reconciled Depreciation": 361656740622.0,
        "EBIT": 3694969451865.0,
        "Net Interest Income": -1236569404971.0,
        "Interest Expense": 1031797974569.0,
        "Interest Income": 11724010001757.0,
        "Normalized Income": 2109826461737.219,
        "Net Income From Continuing And Discontinued Operation": 2110496926600.0,
        "Total Expenses": 53374827734131.0,
        "Diluted Average Shares": 742322764.0,
        "Basic Average Shares": 742322764.0,
        "Diluted EPS": 2843.0,
        "Basic EPS": 2843.0,
        "Diluted NI Availto Com Stockholders": 2110496926600.0,
        "Net Income Common Stockholders": 2110496926600.0,
        "Otherunder Preferred Stock Dividend": null,
        "Net Income": 2110496926600.0,
        "Minority Interests": -83671676730.0,
        "Net Income Including Noncontrolling Interests": 2194168603330.0,
        "Net Income Continuous Operations": 2194168603330.0,
        "Tax Provision": 469002873966.0,
        "Pretax Income": 2663171477296.0,
        "Other Income Expense": 213977619332.0,
        "Special Income Charges": 813776524.0,
        "Other Special Charges": -813776524.0,
        "Net Non Operating Interest Income Expense": -1236569404971.0,
        "Total Other Finance Cost": 204771430402.0,
        "Interest Expense Non Operating": 1031797974569.0,
        "Other Operating Expenses": 2453759168444.0,
        "Depreciation And Amortization In Income Statement": 212844275944.0,
        "Depreciation Income Statement": 212844275944.0,
        "Selling General And Administration": 1346798811485.0,
        "Selling And Marketing Expense": 1346798811485.0,
        "Total Revenue": 56037999211427.0,
        "Operating Revenue": 56037999211427.0,
        "Net Policyholder Benefits And Claims": 19736228773939.0
      },
      "2023-12-31 00:00:00": {
        "Tax Effect Of Unusual Items": 112798472.021003,
        "Tax Rate For Calcs": 0.168827,
        "Total Unusual Items": 668130211.0,
        "Total Unusual Items Excluding Goodwill": 668130211.0,
        "Net Income From Continuing Operation Net Minority Interest": 1805317054880.0,
        "Reconciled Depreciation": 203894515970.0,
        "EBIT": 4041173991121.0,
        "Net Interest Income": -1991610547116.0,
        "Interest Expense": 1777742465476.0,
        "Interest Income": 12752235345594.0,
        "Normalized Income": 1804761723141.021,
        "Net Income From Continuing And Discontinued Operation": 1805317054880.0,
        "Total Expenses": 54998029407978.0,
        "Diluted Average Shares": 742322764.0,
        "Basic Average Shares": 742322764.0,
        "Diluted EPS": 2432.0,
        "Basic EPS": 2432.0,
        "Diluted NI Availto Com Stockholders": 1805317054880.0,
        "Net Income Common Stockholders": 1805317054880.0,
        "Otherunder Preferred Stock Dividend": 36187556080.0,
        "Net Income": 1805317054880.0,
        "Minority Interests": -75985937414.0,
        "Net Income Including Noncontrolling Interests": 1881302992294.0,
        "Net Income Continuous Operations": 1881302992294.0,
        "Tax Provision": 382128533351.0,
        "Pretax Income": 2263431525645.0,
        "Other Income Expense": 270744167137.0,
        "Special Income Charges": 668130211.0,
        "Other Special Charges": -668130211.0,
        "Net Non Operating Interest Income Expense": -1991610547116.0,
        "Total Other Finance Cost": 213868081640.0,
        "Interest Expense Non Operating": 1777742465476.0,
        "Other Operating Expenses": 2321871681650.0,
        "Depreciation And Amortization In Income Statement": 179806863720.0,
        "Depreciation Income Statement": 179806863720.0,
        "Selling General And Administration": 1094026078899.0,
        "Selling And Marketing Expense": 1094026078899.0,
        "Total Revenue": 57261460933623.0,
        "Operating Revenue": 57261460933623.0,
        "Net Policyholder Benefits And Claims": 19590050040590.0
      },
      "2022-12-31 00:00:00": {
        "Tax Effect Of Unusual Items": 422805408.72186,
        "Tax Rate For Calcs": 0.191306,
        "Total Unusual Items": 2210095310.0,
        "Total Unusual Items Excluding Goodwill": 2210095310.0,
        "Net Income From Continuing Operation Net Minority Interest": 1550994189019.0,
        "Reconciled Depreciation": 211803973840.0,
        "EBIT": 2742589673996.0,
        "Net Interest Income": -785322306188.0,
        "Interest Expense": 732426110365.0,
        "Interest Income": 9045726792776.0,
        "Normalized Income": 1549206899117.722,
        "Net Income From Continuing And Discontinued Operation": 1550994189019.0,
        "Total Expenses": 52058178782364.0,
        "Diluted Average Shares": 742322764.0,
        "Basic Average Shares": 742322764.0,
        "Diluted EPS": 2039.0,
        "Basic EPS": 2039.0,
        "Diluted NI Availto Com Stockholders": 1550994189019.0,
        "Net Income Common Stockholders": 1550994189019.0,
        "Otherunder Preferred Stock Dividend": null,
        "Net Income": 1550994189019.0,
        "Minority Interests": -74612191366.0,
        "Net Income Including Noncontrolling Interests": 1625606380385.0,
        "Net Income Continuous Operations": 1625606380385.0,
        "Tax Provision": 384557183246.0,
        "Pretax Income": 2010163563631.0,
        "Other Income Expense": 233139356569.0,
        "Special Income Charges": 2210095310.0,
        "Other Special Charges": -2210095310.0,
        "Net Non Operating Interest Income Expense": -785322306188.0,
        "Total Other Finance Cost": 52896195823.0,
        "Interest Expense Non Operating": 732426110365.0,
        "Other Operating Expenses": 1976745977360.0,
        "Depreciation And Amortization In Income Statement": 193811869955.0,
        "Depreciation Income Statement": 193811869955.0,
        "Selling General And Administration": 2281905372173.0,
        "Selling And Marketing Expense": 2281905372173.0,
        "Total Revenue": 54068342345995.0,
        "Operating Revenue": 54068342345995.0,
        "Net Policyholder Benefits And Claims": 15836743742461.0
      },
      "2021-12-31 00:00:00": {
        "Tax Effect Of Unusual Items": 274977141.751534,
        "Tax Rate For Calcs": 0.158305,
        "Total Unusual Items": 1737010890.0,
        "Total Unusual Items Excluding Goodwill": 1737010890.0,
        "Net Income From Continuing Operation Net Minority Interest": 1911694257420.0,
        "Reconciled Depreciation": 226311777789.0,
        "EBIT": 2719236004294.0,
        "Net Interest Income": -300215574979.0,
        "Interest Expense": 321201678885.0,
        "Interest Income": 7730860855624.0,
        "Normalized Income": 1910232223671.7515,
        "Net Income From Continuing And Discontinued Operation": 1911694257420.0,
        "Total Expenses": 47744792459145.0,
        "Diluted Average Shares": 742322764.0,
        "Basic Average Shares": 742322764.0,
        "Diluted EPS": 2526.0,
        "Basic EPS": 2526.0,
        "Diluted NI Availto Com Stockholders": 1875108243296.0,
        "Net Income Common Stockholders": 1875108243296.0,
        "Otherunder Preferred Stock Dividend": 36586014124.0,
        "Net Income": 1911694257420.0,
        "Minority Interests": -106719751030.0,
        "Net Income Including Noncontrolling Interests": 2018414008450.0,
        "Net Income Continuous Operations": 2018414008450.0,
        "Tax Provision": 379620316959.0,
        "Pretax Income": 2398034325409.0,
        "Other Income Expense": 243885215993.0,
        "Special Income Charges": 1737010890.0,
        "Other Special Charges": -1737010890.0,
        "Net Non Operating Interest Income Expense": -300215574979.0,
        "Total Other Finance Cost": -20986103906.0,
        "Interest Expense Non Operating": 321201678885.0,
        "Other Operating Expenses": 1449716353704.0,
        "Depreciation And Amortization In Income Statement": 197822542235.0,
        "Depreciation Income Statement": 197822542235.0,
        "Selling General And Administration": 2266015074428.0,
        "Selling And Marketing Expense": 2266015074428.0,
        "Total Revenue": 50142826784554.0,
        "Operating Revenue": 50142826784554.0,
        "Net Policyholder Benefits And Claims": 12596002734936.0
      }
    },
    "annual_balance_sheet": {
      "2024-12-31 00:00:00": {
        "Ordinary Shares Number": 742322764.0,
        "Share Issued": 742322764.0,
        "Net Debt": 1449649230430.0,
        "Total Debt": 2910226356811.0,
        "Tangible Book Value": 21526824092760.0,
        "Invested Capital": 25455184962997.0,
        "Net Tangible Assets": 21526824092760.0,
        "Common Stock Equity": 22544958606186.0,
        "Total Capitalization": 22544958606186.0,
        "Total Equity Gross Minority Interest": 23506572713003.0,
        "Minority Interest": 961614106817.0,
        "Stockholders Equity": 22544958606186.0,
        "Other Equity Interest": 103568802818.0,
        "Retained Earnings": 3961500334269.0,
        "Additional Paid In Capital": 7310458742807.0,
        "Capital Stock": 7423227640000.0,
        "Common Stock": 7423227640000.0,
        "Total Liabilities Net Minority Interest": 227711204753433.0,
        "Non Current Pension And Other Postretirement Benefit Plans": 224649131416.0,
        "Non Current Deferred Revenue": 594986648013.0,
        "Non Current Deferred Taxes Liabilities": 2707427169.0,
        "Long Term Debt And Capital Lease Obligation": null,
        "Long Term Debt": null,
        "Current Debt And Capital Lease Obligation": 2910226356811.0,
        "Current Debt": 2910226356811.0,
        "Payables": 5290129268342.0,
        "Other Payable": 2359688121265.0,
        "Total Tax Payable": 199610950156.0,
        "Accounts Payable": 2730830196921.0,
        "Total Assets": 251217777466436.0,
        "Non Current Deferred Taxes Assets": 8037623814.0,
        "Investments And Advances": 231546478830476.0,
        "Investmentin Financial Assets": 123543651525729.0,
        "Held To Maturity Securities": 123543651525729.0,
        "Long Term Equity Investment": 4104084412851.0,
        "Investmentsin Joint Venturesat Cost": 2887389242184.0,
        "Investments In Other Ventures Under Equity Method": 1216695170667.0,
        "Investment Properties": 109961268939.0,
        "Goodwill And Other Intangible Assets": 1018134513426.0,
        "Other Intangible Assets": 1018134513426.0,
        "Net PPE": 1048317250343.0,
        "Accumulated Depreciation": -1852414668087.0,
        "Gross PPE": 2900731918430.0,
        "Construction In Progress": 176766077344.0,
        "Other Properties": 1088899065204.0,
        "Machinery Furniture Equipment": 277438502373.0,
        "Buildings And Improvements": 1357628273509.0,
        "Prepaid Assets": 2472225913524.0,
        "Inventory": 100390396111.0,
        "Receivables Adjustments Allowances": -262129289168.0,
        "Other Receivables": 381066706020.0,
        "Taxes Receivable": 5267584752.0,
        "Accounts Receivable": 7873066310246.0,
        "Cash Cash Equivalents And Short Term Investments": 105359320018277.0,
        "Other Short Term Investments": 103898742891896.0,
        "Cash And Cash Equivalents": 1460577126381.0
      },
      "2023-12-31 00:00:00": {
        "Ordinary Shares Number": 742322800.0,
        "Share Issued": 742322800.0,
        "Net Debt": null,
        "Total Debt": 3373989932643.0,
        "Tangible Book Value": 20481940964330.0,
        "Invested Capital": 24714908269639.0,
        "Net Tangible Assets": 20481940964330.0,
        "Common Stock Equity": 21340918336996.0,
        "Total Capitalization": 21342304416996.0,
        "Total Equity Gross Minority Interest": 22259023109082.0,
        "Minority Interest": 918104772086.0,
        "Stockholders Equity": 21340918336996.0,
        "Other Equity Interest": 103568802818.0,
        "Retained Earnings": 3546088681888.0,
        "Additional Paid In Capital": 7310458742807.0,
        "Capital Stock": 7423227640000.0,
        "Common Stock": 7423227640000.0,
        "Total Liabilities Net Minority Interest": 198842579484569.0,
        "Non Current Pension And Other Postretirement Benefit Plans": 252093239921.0,
        "Non Current Deferred Revenue": 504865406126.0,
        "Non Current Deferred Taxes Liabilities": 1805789963.0,
        "Long Term Debt And Capital Lease Obligation": 1386080000.0,
        "Long Term Debt": 1386080000.0,
        "Current Debt And Capital Lease Obligation": 3372603852643.0,
        "Current Debt": 3372603852643.0,
        "Payables": 5045335217193.0,
        "Other Payable": 2066300494218.0,
        "Total Tax Payable": 178701940806.0,
        "Accounts Payable": 2800332782169.0,
        "Total Assets": 221101602593651.0,
        "Non Current Deferred Taxes Assets": 11405871268.0,
        "Investments And Advances": 197766529816665.0,
        "Investmentin Financial Assets": 92307217397763.0,
        "Held To Maturity Securities": 92307217397763.0,
        "Long Term Equity Investment": 3893522752170.0,
        "Investmentsin Joint Venturesat Cost": 2844300042626.0,
        "Investments In Other Ventures Under Equity Method": 1049222709544.0,
        "Investment Properties": 45388992000.0,
        "Goodwill And Other Intangible Assets": 858977372666.0,
        "Other Intangible Assets": 858977372666.0,
        "Net PPE": 1376409711423.0,
        "Accumulated Depreciation": -1813748646122.0,
        "Gross PPE": 3190158357545.0,
        "Construction In Progress": 419884682358.0,
        "Other Properties": 1037559712072.0,
        "Machinery Furniture Equipment": 272260750107.0,
        "Buildings And Improvements": 1460453213008.0,
        "Prepaid Assets": 2484508907275.0,
        "Inventory": 113315013433.0,
        "Receivables Adjustments Allowances": -266290676624.0,
        "Other Receivables": 386535366532.0,
        "Taxes Receivable": 29103820195.0,
        "Accounts Receivable": 8941596696542.0,
        "Cash Cash Equivalents And Short Term Investments": 106349303253508.0,
        "Other Short Term Investments": 101565789666732.0,
        "Cash And Cash Equivalents": 4783513586776.0
      },
      "2022-12-31 00:00:00": {
        "Ordinary Shares Number": 742322764.0,
        "Share Issued": 742322764.0,
        "Net Debt": null,
        "Total Debt": 1072100252941.0,
        "Tangible Book Value": 19486117122077.0,
        "Invested Capital": 21462522381938.0,
        "Net Tangible Assets": 19486117122077.0,
        "Common Stock Equity": 20390422128997.0,
        "Total Capitalization": 20481445659912.0,
        "Total Equity Gross Minority Interest": 21270957604962.0,
        "Minority Interest": 880535475965.0,
        "Stockholders Equity": 20390422128997.0,
        "Other Equity Interest": 103568802818.0,
        "Retained Earnings": 3306180965907.0,
        "Additional Paid In Capital": 7310458742807.0,
        "Capital Stock": 7423227640000.0,
        "Common Stock": 7423227640000.0,
        "Total Liabilities Net Minority Interest": 180393018780152.0,
        "Non Current Pension And Other Postretirement Benefit Plans": 195241957124.0,
        "Non Current Deferred Revenue": 542767411584.0,
        "Non Current Deferred Taxes Liabilities": 4840608220.0,
        "Long Term Debt And Capital Lease Obligation": 91023530915.0,
        "Long Term Debt": 91023530915.0,
        "Current Debt And Capital Lease Obligation": 981076722026.0,
        "Current Debt": 981076722026.0,
        "Payables": 5388287291907.0,
        "Other Payable": 2495400851880.0,
        "Total Tax Payable": 161793689583.0,
        "Accounts Payable": 2731092750444.0,
        "Total Assets": 201663976385114.0,
        "Non Current Deferred Taxes Assets": 17776310946.0,
        "Investments And Advances": 184045262150184.0,
        "Investmentin Financial Assets": 77711345406028.0,
        "Held To Maturity Securities": 77711345406028.0,
        "Long Term Equity Investment": 3926230335869.0,
        "Investmentsin Joint Venturesat Cost": 2797034026188.0,
        "Investments In Other Ventures Under Equity Method": 1129196309681.0,
        "Investment Properties": 45388992000.0,
        "Goodwill And Other Intangible Assets": 904305006920.0,
        "Other Intangible Assets": 904305006920.0,
        "Net PPE": 1455306248198.0,
        "Accumulated Depreciation": -1688434734566.0,
        "Gross PPE": 3143740982764.0,
        "Construction In Progress": 473154232206.0,
        "Other Properties": 1027770797346.0,
        "Machinery Furniture Equipment": 262626525031.0,
        "Buildings And Improvements": 1380189428181.0,
        "Prepaid Assets": 2345749561806.0,
        "Inventory": 130657299623.0,
        "Receivables Adjustments Allowances": -430179122349.0,
        "Other Receivables": 500951934464.0,
        "Taxes Receivable": 24148583251.0,
        "Accounts Receivable": 6703600664063.0,
        "Cash Cash Equivalents And Short Term Investments": 104614183968403.0,
        "Other Short Term Investments": 102407686408287.0,
        "Cash And Cash Equivalents": 2206497560116.0
      },
      "2021-12-31 00:00:00": {
        "Ordinary Shares Number": 742322764.0,
        "Share Issued": 742322764.0,
        "Net Debt": null,
        "Total Debt": 2773596242726.0,
        "Tangible Book Value": 20234921472375.0,
        "Invested Capital": 23968732810027.0,
        "Net Tangible Assets": 20234921472375.0,
        "Common Stock Equity": 21195136567301.0,
        "Total Capitalization": 21462402656077.0,
        "Total Equity Gross Minority Interest": 22031321132756.0,
        "Minority Interest": 836184565455.0,
        "Stockholders Equity": 21195136567301.0,
        "Other Equity Interest": 103568802818.0,
        "Retained Earnings": 4480031128008.0,
        "Additional Paid In Capital": 7310458742807.0,
        "Capital Stock": 7423227640000.0,
        "Common Stock": 7423227640000.0,
        "Total Liabilities Net Minority Interest": 147473277653513.0,
        "Non Current Pension And Other Postretirement Benefit Plans": 199699495740.0,
        "Non Current Deferred Revenue": 350253784470.0,
        "Non Current Deferred Taxes Liabilities": 3963738615.0,
        "Long Term Debt And Capital Lease Obligation": 267266088776.0,
        "Long Term Debt": 267266088776.0,
        "Current Debt And Capital Lease Obligation": 2506330153950.0,
        "Current Debt": 2506330153950.0,
        "Payables": 5706114497967.0,
        "Other Payable": 2826251985680.0,
        "Total Tax Payable": 224423486237.0,
        "Accounts Payable": 2655439026050.0,
        "Total Assets": 169504598786269.0,
        "Non Current Deferred Taxes Assets": 18414546814.0,
        "Investments And Advances": 149390645405470.0,
        "Investmentin Financial Assets": 63408384302195.0,
        "Held To Maturity Securities": 63408384302195.0,
        "Long Term Equity Investment": 3975113616436.0,
        "Investmentsin Joint Venturesat Cost": 3088258326242.0,
        "Investments In Other Ventures Under Equity Method": 886855290194.0,
        "Investment Properties": 45388992000.0,
        "Goodwill And Other Intangible Assets": 960215094926.0,
        "Other Intangible Assets": 960215094926.0,
        "Net PPE": 1444964145438.0,
        "Accumulated Depreciation": -1584264742137.0,
        "Gross PPE": 3029228887575.0,
        "Construction In Progress": 470699093072.0,
        "Other Properties": 965209885340.0,
        "Machinery Furniture Equipment": 256865102860.0,
        "Buildings And Improvements": 1336454806303.0,
        "Prepaid Assets": 1699365745306.0,
        "Inventory": 141653223444.0,
        "Receivables Adjustments Allowances": -413131711647.0,
        "Other Receivables": 549857175586.0,
        "Taxes Receivable": 27471176379.0,
        "Accounts Receivable": 5693409420064.0,
        "Cash Cash Equivalents And Short Term Investments": 87361239512711.0,
        "Other Short Term Investments": 82007147486839.0,
        "Cash And Cash Equivalents": 5354092025872.0
      }
    },
    "annual_cash_flow": {
      "2024-12-31 00:00:00": {
        "Free Cash Flow": 8283928260729.0,
        "Repayment Of Debt": -57365924452500.0,
        "Issuance Of Debt": 68026767032069.0,
        "Capital Expenditure": -135267945349.0,
        "End Cash Position": 1464088127113.0,
        "Beginning Cash Position": 4783513586776.0,
        "Effect Of Exchange Rate Changes": 720102279.0,
        "Changes In Cash": -3320145561942.0,
        "Financing Cash Flow": 9893761144002.0,
        "Cash Dividends Paid": -767081435567.0,
        "Common Stock Dividend Paid": -767081435567.0,
        "Net Issuance Payments Of Debt": 10660842579569.0,
        "Net Long Term Debt Issuance": 10660842579569.0,
        "Long Term Debt Payments": -57365924452500.0,
        "Long Term Debt Issuance": 68026767032069.0,
        "Investing Cash Flow": -21633102912022.0,
        "Net Other Investing Changes": -34968647483593.0,
        "Interest Received Cfi": 13470307039965.0,
        "Net Investment Purchase And Sale": -245308499.0,
        "Sale Of Investment": null,
        "Purchase Of Investment": -245308499.0,
        "Net PPE Purchase And Sale": -134517159895.0,
        "Sale Of PPE": 750785454.0,
        "Purchase Of PPE": -135267945349.0,
        "Operating Cash Flow": 8419196206078.0,
        "Taxes Refund Paid": -432410464622.0,
        "Interest Paid Cfo": -670960934650.0,
        "Change In Working Capital": -476877466797.0,
        "Change In Other Current Assets": -393517969990.0,
        "Change In Payable": -1222998762851.0,
        "Change In Prepaid Assets": -33806613231.0,
        "Change In Inventory": 12868553516.0,
        "Change In Receivables": 1160577325759.0,
        "Other Non Cash Items": 1031797974569.0,
        "Provisionand Write Offof Assets": 18799414855151.0,
        "Depreciation And Amortization": 361656740622.0,
        "Depreciation": 361656740622.0,
        "Gain Loss On Investment Securities": -12757295260799.0,
        "Net Foreign Currency Exchange Gain Loss": 13928156147.0,
        "Net Income From Continuing Operations": 2663171477296.0
      },
      "2023-12-31 00:00:00": {
        "Free Cash Flow": 8297625062768.0,
        "Repayment Of Debt": -78936505707509.0,
        "Issuance Of Debt": 78332986284987.0,
        "Capital Expenditure": -179223609626.0,
        "End Cash Position": 4783513586776.0,
        "Beginning Cash Position": 2206497560116.0,
        "Effect Of Exchange Rate Changes": 1172235511.0,
        "Changes In Cash": 2575843791149.0,
        "Financing Cash Flow": -1337621827516.0,
        "Cash Dividends Paid": -734102404994.0,
        "Common Stock Dividend Paid": -734102404994.0,
        "Net Issuance Payments Of Debt": -603519422522.0,
        "Net Long Term Debt Issuance": -603519422522.0,
        "Long Term Debt Payments": -78936505707509.0,
        "Long Term Debt Issuance": 78332986284987.0,
        "Investing Cash Flow": -4563383053729.0,
        "Net Other Investing Changes": -15937412257495.0,
        "Interest Received Cfi": 11552755197497.0,
        "Net Investment Purchase And Sale": -559065379.0,
        "Sale Of Investment": 0.0,
        "Purchase Of Investment": -559065379.0,
        "Net PPE Purchase And Sale": -178166928352.0,
        "Sale Of PPE": 1056681274.0,
        "Purchase Of PPE": -179223609626.0,
        "Operating Cash Flow": 8476848672394.0,
        "Taxes Refund Paid": -360202939230.0,
        "Interest Paid Cfo": -1787160299314.0,
        "Change In Working Capital": 46057300588.0,
        "Change In Other Current Assets": -341545152874.0,
        "Change In Payable": -1155003441621.0,
        "Change In Prepaid Assets": -145163553070.0,
        "Change In Inventory": 17308986190.0,
        "Change In Receivables": 1670460461963.0,
        "Other Non Cash Items": 1777742465476.0,
        "Provisionand Write Offof Assets": 20001619028532.0,
        "Depreciation And Amortization": 203894515970.0,
        "Depreciation": 203894515970.0,
        "Gain Loss On Investment Securities": -13624967435230.0,
        "Net Foreign Currency Exchange Gain Loss": 16099743627.0,
        "Net Income From Continuing Operations": 2263431525645.0
      },
      "2022-12-31 00:00:00": {
        "Free Cash Flow": 8938337932779.0,
        "Repayment Of Debt": -74823926863995.0,
        "Issuance Of Debt": 85591616583165.0,
        "Capital Expenditure": -163378387443.0,
        "End Cash Position": 2206497560116.0,
        "Beginning Cash Position": 5354092025872.0,
        "Effect Of Exchange Rate Changes": -4569950138.0,
        "Changes In Cash": -3143024515618.0,
        "Financing Cash Flow": 8499230942954.0,
        "Cash Dividends Paid": -2268458776216.0,
        "Common Stock Dividend Paid": -2268458776216.0,
        "Net Issuance Payments Of Debt": 10767689719170.0,
        "Net Long Term Debt Issuance": 10767689719170.0,
        "Long Term Debt Payments": -74823926863995.0,
        "Long Term Debt Issuance": 85591616583165.0,
        "Investing Cash Flow": -20743971778794.0,
        "Net Other Investing Changes": null,
        "Interest Received Cfi": 8370940521353.0,
        "Net Investment Purchase And Sale": 6309843455.0,
        "Sale Of Investment": 6559843455.0,
        "Purchase Of Investment": -250000000.0,
        "Net PPE Purchase And Sale": -160888896808.0,
        "Sale Of PPE": 2489490635.0,
        "Purchase Of PPE": -163378387443.0,
        "Operating Cash Flow": 9101716320222.0,
        "Taxes Refund Paid": -426509931095.0,
        "Interest Paid Cfo": -688972800896.0,
        "Change In Working Capital": -5216982976624.0,
        "Change In Other Current Assets": -82855958817.0,
        "Change In Payable": -133150830544.0,
        "Change In Prepaid Assets": -665529008941.0,
        "Change In Inventory": 10995923821.0,
        "Change In Receivables": -4346443102143.0,
        "Other Non Cash Items": 731353110365.0,
        "Provisionand Write Offof Assets": 22567116332600.0,
        "Depreciation And Amortization": 211803973840.0,
        "Depreciation": 211803973840.0,
        "Gain Loss On Investment Securities": -9987399223459.0,
        "Net Foreign Currency Exchange Gain Loss": 16219103087.0,
        "Net Income From Continuing Operations": 2010163563631.0
      },
      "2021-12-31 00:00:00": {
        "Free Cash Flow": 12083883410742.0,
        "Repayment Of Debt": -46836804754365.0,
        "Issuance Of Debt": 48063151289896.0,
        "Capital Expenditure": -237768613970.0,
        "End Cash Position": 5354092025872.0,
        "Beginning Cash Position": 6780742363756.0,
        "Effect Of Exchange Rate Changes": -517035990.0,
        "Changes In Cash": -1426133301894.0,
        "Financing Cash Flow": 538911696805.0,
        "Cash Dividends Paid": -687434838726.0,
        "Common Stock Dividend Paid": -687434838726.0,
        "Net Issuance Payments Of Debt": 1226346535531.0,
        "Net Long Term Debt Issuance": 1226346535531.0,
        "Long Term Debt Payments": -46836804754365.0,
        "Long Term Debt Issuance": 48063151289896.0,
        "Investing Cash Flow": -14286697023411.0,
        "Net Other Investing Changes": null,
        "Interest Received Cfi": 8354119919729.0,
        "Net Investment Purchase And Sale": 202871695406.0,
        "Sale Of Investment": 207297671249.0,
        "Purchase Of Investment": -4425975843.0,
        "Net PPE Purchase And Sale": -236182624860.0,
        "Sale Of PPE": 1585989110.0,
        "Purchase Of PPE": -237768613970.0,
        "Operating Cash Flow": 12321652024712.0,
        "Taxes Refund Paid": -338734753436.0,
        "Interest Paid Cfo": -420996995370.0,
        "Change In Working Capital": -562418232190.0,
        "Change In Other Current Assets": -392804254833.0,
        "Change In Payable": 700525423660.0,
        "Change In Prepaid Assets": 212589276761.0,
        "Change In Inventory": -17220136054.0,
        "Change In Receivables": -1065508541724.0,
        "Other Non Cash Items": 321201678885.0,
        "Provisionand Write Offof Assets": 19751386296114.0,
        "Depreciation And Amortization": 226311777789.0,
        "Depreciation": 226311777789.0,
        "Gain Loss On Investment Securities": -8987183374694.0,
        "Net Foreign Currency Exchange Gain Loss": -7612658011.0,
        "Net Income From Continuing Operations": 2398034325409.0
      }
    }
  },
  "metrics": {
    "symbol": "BVH.VN",
    "timestamp": "2026-01-09T18:25:13.667512",
    "pe_ratio": 18.471693,
    "pb_ratio": 2.0435493,
    "dividend_yield": 1.59,
    "beta": 0.207,
    "eps": 3654.24,
    "roe": 0.11213,
    "roa": 0.014529999,
    "debt_to_equity": 16.909,
    "current_ratio": 2.806,
    "quick_ratio": 2.364,
    "profit_margin": 0.05017,
    "operating_margin": 0.12145001,
    "free_cashflow": -7055875244032,
    "52_week_high": 70000.0,
    "52_week_low": 39100.0,
    "revenue": 53432564056064,
    "gross_profit": 16480708067328,
    "operating_income": 16609463762944
  },
  "dividends": {
    "symbol": "BVH.VN",
    "timestamp": "2026-01-09T18:25:13.752248",
    "total_records": 3,
    "dividends": [
      {
        "date": "2023-11-27T00:00:00+07:00",
        "amount": 954.0
      },
      {
        "date": "2024-11-19T00:00:00+07:00",
        "amount": 1003.7
      },
      {
        "date": "2025-11-14T00:00:00+07:00",
        "amount": 1055.1
      }
    ]
  },
  "splits": {
    "symbol": "BVH.VN",
    "timestamp": "2026-01-09T18:25:13.781687",
    "total_records": 0,
    "splits": []
  }
}