{
  "symbol": "CTG.VN",
  "timestamp": "2026-01-09T18:25:13.784887",
  "quarterly": {
    "symbol": "CTG.VN",
    "timestamp": "2026-01-09T18:25:14.085491",
    "quarterly_financials": {
      "2025-09-30 00:00:00": {
        "Tax Effect Of Unusual Items": null,
        "Tax Rate For Calcs": null,
        "Net Income From Continuing Operation Net Minority Interest": null,
        "Reconciled Depreciation": null,
        "Net Interest Income": null,
        "Interest Expense": null,
        "Interest Income": null,
        "Normalized Income": null,
        "Net Income From Continuing And Discontinued Operation": null,
        "Diluted Average Shares": 7766972625.0,
        "Basic Average Shares": 7766972625.0,
        "Diluted EPS": 1087.783414,
        "Basic EPS": 1087.783414,
        "Diluted NI Availto Com Stockholders": null,
        "Net Income Common Stockholders": null,
        "Net Income": null,
        "Minority Interests": null,
        "Net Income Including Noncontrolling Interests": null,
        "Net Income Continuous Operations": null,
        "Tax Provision": null,
        "Pretax Income": null,
        "Gain On Sale Of Security": null,
        "Operating Expense": null,
        "Other Operating Expenses": null,
        "Depreciation And Amortization In Income Statement": null,
        "Depreciation Income Statement": null,
        "Selling General And Administration": null,
        "General And Administrative Expense": null,
        "Insurance And Claims": null,
        "Rent And Landing Fees": null,
        "Total Revenue": null,
        "Operating Revenue": null
      },
      "2025-06-30 00:00:00": {
        "Tax Effect Of Unusual Items": 0.0,
        "Tax Rate For Calcs": 0.193859,
        "Net Income From Continuing Operation Net Minority Interest": 9669885000000.0,
        "Reconciled Depreciation": null,
        "Net Interest Income": 15842616000000.0,
        "Interest Expense": 19033787000000.0,
        "Interest Income": 34876403000000.0,
        "Normalized Income": 9669885000000.0,
        "Net Income From Continuing And Discontinued Operation": 9669885000000.0,
        "Diluted Average Shares": 7766972625.0,
        "Basic Average Shares": 7766972625.0,
        "Diluted EPS": 1245.000526,
        "Basic EPS": 1245.000526,
        "Diluted NI Availto Com Stockholders": 9669885000000.0,
        "Net Income Common Stockholders": 9669885000000.0,
        "Net Income": 9669885000000.0,
        "Minority Interests": -82120000000.0,
        "Net Income Including Noncontrolling Interests": 9752005000000.0,
        "Net Income Continuous Operations": 9752005000000.0,
        "Tax Provision": 2345147000000.0,
        "Pretax Income": 12097152000000.0,
        "Gain On Sale Of Security": 116932000000.0,
        "Operating Expense": 6219326000000.0,
        "Other Operating Expenses": 6219326000000.0,
        "Depreciation And Amortization In Income Statement": null,
        "Depreciation Income Statement": null,
        "Selling General And Administration": null,
        "General And Administrative Expense": null,
        "Insurance And Claims": null,
        "Rent And Landing Fees": null,
        "Total Revenue": 21289246000000.0,
        "Operating Revenue": 21289246000000.0
      },
      "2025-03-31 00:00:00": {
        "Tax Effect Of Unusual Items": 0.0,
        "Tax Rate For Calcs": 0.194016,
        "Net Income From Continuing Operation Net Minority Interest": 5418875000000.0,
        "Reconciled Depreciation": 252982000000.0,
        "Net Interest Income": 15475215000000.0,
        "Interest Expense": 17208997000000.0,
        "Interest Income": 32684212000000.0,
        "Normalized Income": 5418875000000.0,
        "Net Income From Continuing And Discontinued Operation": 5418875000000.0,
        "Diluted Average Shares": 7766972625.0,
        "Basic Average Shares": 7766972625.0,
        "Diluted EPS": 697.681743,
        "Basic EPS": 697.681743,
        "Diluted NI Availto Com Stockholders": 5418875000000.0,
        "Net Income Common Stockholders": 5418875000000.0,
        "Net Income": 5418875000000.0,
        "Minority Interests": -80512000000.0,
        "Net Income Including Noncontrolling Interests": 5499387000000.0,
        "Net Income Continuous Operations": 5499387000000.0,
        "Tax Provision": 1323811000000.0,
        "Pretax Income": 6823198000000.0,
        "Gain On Sale Of Security": 13892000000.0,
        "Operating Expense": 5711038000000.0,
        "Other Operating Expenses": 245277000000.0,
        "Depreciation And Amortization In Income Statement": 252982000000.0,
        "Depreciation Income Statement": 252982000000.0,
        "Selling General And Administration": 1154273000000.0,
        "General And Administrative Expense": 1154273000000.0,
        "Insurance And Claims": 296958000000.0,
        "Rent And Landing Fees": 389880000000.0,
        "Total Revenue": 20569265000000.0,
        "Operating Revenue": 20569265000000.0
      },
      "2024-12-31 00:00:00": {
        "Tax Effect Of Unusual Items": 0.0,
        "Tax Rate For Calcs": 0.193934,
        "Net Income From Continuing Operation Net Minority Interest": 9791550000000.0,
        "Reconciled Depreciation": null,
        "Net Interest Income": 16312156000000.0,
        "Interest Expense": 16122846000000.0,
        "Interest Income": 32435002000000.0,
        "Normalized Income": 9791550000000.0,
        "Net Income From Continuing And Discontinued Operation": 9791550000000.0,
        "Diluted Average Shares": 7766972625.0,
        "Basic Average Shares": 7766972625.0,
        "Diluted EPS": 1260.66493,
        "Basic EPS": 1260.66493,
        "Diluted NI Availto Com Stockholders": 9791550000000.0,
        "Net Income Common Stockholders": 9791550000000.0,
        "Net Income": 9791550000000.0,
        "Minority Interests": -79064000000.0,
        "Net Income Including Noncontrolling Interests": 9870614000000.0,
        "Net Income Continuous Operations": 9870614000000.0,
        "Tax Provision": 2374799000000.0,
        "Pretax Income": 12245413000000.0,
        "Gain On Sale Of Security": 29444000000.0,
        "Operating Expense": 6988064000000.0,
        "Other Operating Expenses": 6988064000000.0,
        "Depreciation And Amortization In Income Statement": null,
        "Depreciation Income Statement": null,
        "Selling General And Administration": null,
        "General And Administrative Expense": null,
        "Insurance And Claims": null,
        "Rent And Landing Fees": null,
        "Total Revenue": 21697744000000.0,
        "Operating Revenue": 21697744000000.0
      },
      "2024-09-30 00:00:00": {
        "Tax Effect Of Unusual Items": 0.0,
        "Tax Rate For Calcs": 0.207574,
        "Net Income From Continuing Operation Net Minority Interest": 5225859000000.0,
        "Reconciled Depreciation": null,
        "Net Interest Income": 15577514000000.0,
        "Interest Expense": 15346848000000.0,
        "Interest Income": 30924362000000.0,
        "Normalized Income": 5225859000000.0,
        "Net Income From Continuing And Discontinued Operation": 5225859000000.0,
        "Diluted Average Shares": 7766972625.0,
        "Basic Average Shares": 7766972625.0,
        "Diluted EPS": 672.830877,
        "Basic EPS": 672.830877,
        "Diluted NI Availto Com Stockholders": 5225859000000.0,
        "Net Income Common Stockholders": 5225859000000.0,
        "Net Income": 5225859000000.0,
        "Minority Interests": 33347000000.0,
        "Net Income Including Noncontrolling Interests": 5192512000000.0,
        "Net Income Continuous Operations": 5192512000000.0,
        "Tax Provision": 1360167000000.0,
        "Pretax Income": 6552679000000.0,
        "Gain On Sale Of Security": -50876000000.0,
        "Operating Expense": 6509310000000.0,
        "Other Operating Expenses": 6509310000000.0,
        "Depreciation And Amortization In Income Statement": null,
        "Depreciation Income Statement": null,
        "Selling General And Administration": null,
        "General And Administrative Expense": null,
        "Insurance And Claims": null,
        "Rent And Landing Fees": null,
        "Total Revenue": 22330653000000.0,
        "Operating Revenue": 22330653000000.0
      },
      "2024-06-30 00:00:00": {
        "Tax Effect Of Unusual Items": 0.0,
        "Tax Rate For Calcs": 0.198607,
        "Net Income From Continuing Operation Net Minority Interest": 5365295000000.0,
        "Reconciled Depreciation": null,
        "Net Interest Income": 15338887000000.0,
        "Interest Expense": 14799392000000.0,
        "Interest Income": 30138279000000.0,
        "Normalized Income": 5365295000000.0,
        "Net Income From Continuing And Discontinued Operation": 5365295000000.0,
        "Diluted Average Shares": null,
        "Basic Average Shares": null,
        "Diluted EPS": null,
        "Basic EPS": null,
        "Diluted NI Availto Com Stockholders": 5365295000000.0,
        "Net Income Common Stockholders": 5365295000000.0,
        "Net Income": 5365295000000.0,
        "Minority Interests": -44064000000.0,
        "Net Income Including Noncontrolling Interests": 5409359000000.0,
        "Net Income Continuous Operations": 5409359000000.0,
        "Tax Provision": 1340587000000.0,
        "Pretax Income": 6749946000000.0,
        "Gain On Sale Of Security": 150897000000.0,
        "Operating Expense": 6124740000000.0,
        "Other Operating Expenses": 6124740000000.0,
        "Depreciation And Amortization In Income Statement": null,
        "Depreciation Income Statement": null,
        "Selling General And Administration": null,
        "General And Administrative Expense": null,
        "Insurance And Claims": null,
        "Rent And Landing Fees": null,
        "Total Revenue": 20691425000000.0,
        "Operating Revenue": 20691425000000.0
      }
    },
    "quarterly_balance_sheet": {
      "2025-09-30 00:00:00": {
        "Treasury Shares Number": null,
        "Ordinary Shares Number": 7766972625.0,
        "Share Issued": 7766972625.0,
        "Total Debt": null,
        "Tangible Book Value": null,
        "Invested Capital": null,
        "Net Tangible Assets": null,
        "Common Stock Equity": null,
        "Total Capitalization": null,
        "Total Equity Gross Minority Interest": null,
        "Minority Interest": null,
        "Stockholders Equity": null,
        "Other Equity Interest": null,
        "Fixed Assets Revaluation Reserve": null,
        "Treasury Stock": null,
        "Retained Earnings": null,
        "Additional Paid In Capital": null,
        "Capital Stock": null,
        "Common Stock": null,
        "Preferred Stock": null,
        "Total Liabilities Net Minority Interest": null,
        "Derivative Product Liabilities": null,
        "Long Term Debt And Capital Lease Obligation": null,
        "Payables": null,
        "Other Payable": null,
        "Total Tax Payable": null,
        "Accounts Payable": null,
        "Total Assets": null,
        "Investments And Advances": null,
        "Investmentin Financial Assets": null,
        "Held To Maturity Securities": null,
        "Available For Sale Securities": null,
        "Trading Securities": null,
        "Long Term Equity Investment": null,
        "Investmentsin Joint Venturesat Cost": null,
        "Goodwill And Other Intangible Assets": null,
        "Other Intangible Assets": null,
        "Net PPE": null,
        "Accumulated Depreciation": null,
        "Gross PPE": null,
        "Construction In Progress": null,
        "Other Properties": null,
        "Machinery Furniture Equipment": null,
        "Buildings And Improvements": null,
        "Prepaid Assets": null,
        "Receivables": null,
        "Cash And Cash Equivalents": null,
        "Cash Equivalents": null,
        "Cash Financial": null,
        "Cash Cash Equivalents And Federal Funds Sold": null
      },
      "2025-06-30 00:00:00": {
        "Treasury Shares Number": null,
        "Ordinary Shares Number": 7766972625.0,
        "Share Issued": 7766972625.0,
        "Total Debt": 245726150000000.0,
        "Tangible Book Value": 158884122000000.0,
        "Invested Capital": 408450066000000.0,
        "Net Tangible Assets": 158884122000000.0,
        "Common Stock Equity": 162723916000000.0,
        "Total Capitalization": 408450066000000.0,
        "Total Equity Gross Minority Interest": 163826196000000.0,
        "Minority Interest": 1102280000000.0,
        "Stockholders Equity": 162723916000000.0,
        "Other Equity Interest": 1393150000000.0,
        "Fixed Assets Revaluation Reserve": null,
        "Treasury Stock": 0.0,
        "Retained Earnings": 72903163000000.0,
        "Additional Paid In Capital": 8974666000000.0,
        "Capital Stock": 53699917000000.0,
        "Common Stock": 53699917000000.0,
        "Preferred Stock": 0.0,
        "Total Liabilities Net Minority Interest": 2445961810000000.0,
        "Derivative Product Liabilities": 641551000000.0,
        "Long Term Debt And Capital Lease Obligation": 245726150000000.0,
        "Payables": 44402609000000.0,
        "Other Payable": 18857684000000.0,
        "Total Tax Payable": null,
        "Accounts Payable": 25544925000000.0,
        "Total Assets": 2609788006000000.0,
        "Investments And Advances": 234149302000000.0,
        "Investmentin Financial Assets": 230145256000000.0,
        "Held To Maturity Securities": 19478172000000.0,
        "Available For Sale Securities": 208457911000000.0,
        "Trading Securities": 2209173000000.0,
        "Long Term Equity Investment": 4004046000000.0,
        "Investmentsin Joint Venturesat Cost": 4004046000000.0,
        "Goodwill And Other Intangible Assets": 3839794000000.0,
        "Other Intangible Assets": 3839794000000.0,
        "Net PPE": 6117422000000.0,
        "Accumulated Depreciation": -11448907000000.0,
        "Gross PPE": 17566329000000.0,
        "Construction In Progress": null,
        "Other Properties": null,
        "Machinery Furniture Equipment": null,
        "Buildings And Improvements": null,
        "Prepaid Assets": null,
        "Receivables": 43847309000000.0,
        "Cash And Cash Equivalents": 450328099000000.0,
        "Cash Equivalents": null,
        "Cash Financial": 11463197000000.0,
        "Cash Cash Equivalents And Federal Funds Sold": 450328099000000.0
      },
      "2025-03-31 00:00:00": {
        "Treasury Shares Number": null,
        "Ordinary Shares Number": 7766972625.0,
        "Share Issued": 7766972625.0,
        "Total Debt": 224110876000000.0,
        "Tangible Book Value": 149128973000000.0,
        "Invested Capital": 377041807000000.0,
        "Net Tangible Assets": 149128973000000.0,
        "Common Stock Equity": 152930931000000.0,
        "Total Capitalization": 377041807000000.0,
        "Total Equity Gross Minority Interest": 153982172000000.0,
        "Minority Interest": 1051241000000.0,
        "Stockholders Equity": 152930931000000.0,
        "Other Equity Interest": 909405000000.0,
        "Fixed Assets Revaluation Reserve": null,
        "Treasury Stock": null,
        "Retained Earnings": 63803161000000.0,
        "Additional Paid In Capital": 8974677000000.0,
        "Capital Stock": 53699917000000.0,
        "Common Stock": 53699917000000.0,
        "Preferred Stock": 0.0,
        "Total Liabilities Net Minority Interest": 2315881229000000.0,
        "Derivative Product Liabilities": 532504000000.0,
        "Long Term Debt And Capital Lease Obligation": 224110876000000.0,
        "Payables": 35395275000000.0,
        "Other Payable": 13501058000000.0,
        "Total Tax Payable": null,
        "Accounts Payable": 21894217000000.0,
        "Total Assets": 2469863401000000.0,
        "Investments And Advances": 222508187000000.0,
        "Investmentin Financial Assets": 218664231000000.0,
        "Held To Maturity Securities": 24376058000000.0,
        "Available For Sale Securities": 191221239000000.0,
        "Trading Securities": 3066934000000.0,
        "Long Term Equity Investment": 3843956000000.0,
        "Investmentsin Joint Venturesat Cost": 3843956000000.0,
        "Goodwill And Other Intangible Assets": 3801958000000.0,
        "Other Intangible Assets": 3801958000000.0,
        "Net PPE": 5998739000000.0,
        "Accumulated Depreciation": -11285355000000.0,
        "Gross PPE": 17284094000000.0,
        "Construction In Progress": null,
        "Other Properties": null,
        "Machinery Furniture Equipment": null,
        "Buildings And Improvements": null,
        "Prepaid Assets": null,
        "Receivables": 42272254000000.0,
        "Cash And Cash Equivalents": 426318621000000.0,
        "Cash Equivalents": null,
        "Cash Financial": 11517746000000.0,
        "Cash Cash Equivalents And Federal Funds Sold": 426318621000000.0
      },
      "2024-12-31 00:00:00": {
        "Treasury Shares Number": null,
        "Ordinary Shares Number": 7766972625.0,
        "Share Issued": 7766972625.0,
        "Total Debt": 176479668000000.0,
        "Tangible Book Value": 143681038000000.0,
        "Invested Capital": 324013647000000.0,
        "Net Tangible Assets": 143681038000000.0,
        "Common Stock Equity": 147533979000000.0,
        "Total Capitalization": 324013647000000.0,
        "Total Equity Gross Minority Interest": 148504708000000.0,
        "Minority Interest": 970729000000.0,
        "Stockholders Equity": 147533979000000.0,
        "Other Equity Interest": 909405000000.0,
        "Fixed Assets Revaluation Reserve": null,
        "Treasury Stock": 0.0,
        "Retained Earnings": 58390118000000.0,
        "Additional Paid In Capital": 8974677000000.0,
        "Capital Stock": 53699917000000.0,
        "Common Stock": 53699917000000.0,
        "Preferred Stock": 0.0,
        "Total Liabilities Net Minority Interest": 2236883024000000.0,
        "Derivative Product Liabilities": 390841000000.0,
        "Long Term Debt And Capital Lease Obligation": 176479668000000.0,
        "Payables": 39327995000000.0,
        "Other Payable": 14625950000000.0,
        "Total Tax Payable": 3601656000000.0,
        "Accounts Payable": 21100389000000.0,
        "Total Assets": 2385387732000000.0,
        "Investments And Advances": 221339872000000.0,
        "Investmentin Financial Assets": 217633199000000.0,
        "Held To Maturity Securities": 26183712000000.0,
        "Available For Sale Securities": 188650612000000.0,
        "Trading Securities": 2798875000000.0,
        "Long Term Equity Investment": 3706673000000.0,
        "Investmentsin Joint Venturesat Cost": 3706673000000.0,
        "Goodwill And Other Intangible Assets": 3852941000000.0,
        "Other Intangible Assets": 3852941000000.0,
        "Net PPE": 12987058000000.0,
        "Accumulated Depreciation": -11104354000000.0,
        "Gross PPE": 24091412000000.0,
        "Construction In Progress": 5678511000000.0,
        "Other Properties": 3726960000000.0,
        "Machinery Furniture Equipment": 6139418000000.0,
        "Buildings And Improvements": 8546523000000.0,
        "Prepaid Assets": 3382712000000.0,
        "Receivables": 35987362000000.0,
        "Cash And Cash Equivalents": 416109244000000.0,
        "Cash Equivalents": 41038000000.0,
        "Cash Financial": 11106511000000.0,
        "Cash Cash Equivalents And Federal Funds Sold": 416109244000000.0
      },
      "2024-09-30 00:00:00": {
        "Treasury Shares Number": null,
        "Ordinary Shares Number": 7766972625.0,
        "Share Issued": 7766972625.0,
        "Total Debt": 158185391000000.0,
        "Tangible Book Value": 136253240000000.0,
        "Invested Capital": 298280539000000.0,
        "Net Tangible Assets": 136253240000000.0,
        "Common Stock Equity": 140095148000000.0,
        "Total Capitalization": 298280539000000.0,
        "Total Equity Gross Minority Interest": 140985956000000.0,
        "Minority Interest": 890808000000.0,
        "Stockholders Equity": 140095148000000.0,
        "Other Equity Interest": 836032000000.0,
        "Fixed Assets Revaluation Reserve": 0.0,
        "Treasury Stock": 0.0,
        "Retained Earnings": 57471783000000.0,
        "Additional Paid In Capital": 8974677000000.0,
        "Capital Stock": 53699917000000.0,
        "Common Stock": 53699917000000.0,
        "Preferred Stock": 0.0,
        "Total Liabilities Net Minority Interest": 2088805155000000.0,
        "Derivative Product Liabilities": 0.0,
        "Long Term Debt And Capital Lease Obligation": 158185391000000.0,
        "Payables": 39760594000000.0,
        "Other Payable": 18482397000000.0,
        "Total Tax Payable": null,
        "Accounts Payable": 21278197000000.0,
        "Total Assets": 2229791111000000.0,
        "Investments And Advances": 188402341000000.0,
        "Investmentin Financial Assets": 184860822000000.0,
        "Held To Maturity Securities": 21763653000000.0,
        "Available For Sale Securities": 159512158000000.0,
        "Trading Securities": 3234357000000.0,
        "Long Term Equity Investment": 3541519000000.0,
        "Investmentsin Joint Venturesat Cost": 3541519000000.0,
        "Goodwill And Other Intangible Assets": 3841908000000.0,
        "Other Intangible Assets": 3841908000000.0,
        "Net PPE": 5780898000000.0,
        "Accumulated Depreciation": -10992313000000.0,
        "Gross PPE": 16773211000000.0,
        "Construction In Progress": null,
        "Other Properties": 16773211000000.0,
        "Machinery Furniture Equipment": null,
        "Buildings And Improvements": null,
        "Prepaid Assets": null,
        "Receivables": 44930732000000.0,
        "Cash And Cash Equivalents": 404023526000000.0,
        "Cash Equivalents": null,
        "Cash Financial": 10239086000000.0,
        "Cash Cash Equivalents And Federal Funds Sold": 404023526000000.0
      },
      "2024-06-30 00:00:00": {
        "Treasury Shares Number": 0.0,
        "Ordinary Shares Number": null,
        "Share Issued": null,
        "Total Debt": 150524115000000.0,
        "Tangible Book Value": 131155218000000.0,
        "Invested Capital": 285572814000000.0,
        "Net Tangible Assets": 131155218000000.0,
        "Common Stock Equity": 135048699000000.0,
        "Total Capitalization": 285572814000000.0,
        "Total Equity Gross Minority Interest": 135972854000000.0,
        "Minority Interest": 924155000000.0,
        "Stockholders Equity": 135048699000000.0,
        "Other Equity Interest": 836032000000.0,
        "Fixed Assets Revaluation Reserve": 0.0,
        "Treasury Stock": 0.0,
        "Retained Earnings": 52284565000000.0,
        "Additional Paid In Capital": 8974677000000.0,
        "Capital Stock": 53699917000000.0,
        "Common Stock": 53699917000000.0,
        "Preferred Stock": 0.0,
        "Total Liabilities Net Minority Interest": 2025456631000000.0,
        "Derivative Product Liabilities": 1378025000000.0,
        "Long Term Debt And Capital Lease Obligation": 150524115000000.0,
        "Payables": 42032702000000.0,
        "Other Payable": 19618919000000.0,
        "Total Tax Payable": null,
        "Accounts Payable": 22413783000000.0,
        "Total Assets": 2161429485000000.0,
        "Investments And Advances": 165858078000000.0,
        "Investmentin Financial Assets": 162334287000000.0,
        "Held To Maturity Securities": 10605057000000.0,
        "Available For Sale Securities": 149470124000000.0,
        "Trading Securities": 2259106000000.0,
        "Long Term Equity Investment": 3523791000000.0,
        "Investmentsin Joint Venturesat Cost": 3523791000000.0,
        "Goodwill And Other Intangible Assets": 3893481000000.0,
        "Other Intangible Assets": 3893481000000.0,
        "Net PPE": 5870057000000.0,
        "Accumulated Depreciation": -10831013000000.0,
        "Gross PPE": 16701070000000.0,
        "Construction In Progress": null,
        "Other Properties": 16701070000000.0,
        "Machinery Furniture Equipment": null,
        "Buildings And Improvements": null,
        "Prepaid Assets": null,
        "Receivables": 51093015000000.0,
        "Cash And Cash Equivalents": 372843413000000.0,
        "Cash Equivalents": null,
        "Cash Financial": 9457900000000.0,
        "Cash Cash Equivalents And Federal Funds Sold": 372843413000000.0
      }
    },
    "quarterly_cash_flow": {
      "2025-06-30 00:00:00": {
        "Free Cash Flow": 26613328000000.0,
        "Repurchase Of Capital Stock": 0.0,
        "Repayment Of Debt": 0.0,
        "Issuance Of Debt": 0.0,
        "Issuance Of Capital Stock": 0.0,
        "Capital Expenditure": -482563000000.0,
        "End Cash Position": 391174348000000.0,
        "Beginning Cash Position": 364315448000000.0,
        "Effect Of Exchange Rate Changes": 200739000000.0,
        "Changes In Cash": 26658161000000.0,
        "Financing Cash Flow": 0.0,
        "Net Common Stock Issuance": 0.0,
        "Common Stock Payments": 0.0,
        "Common Stock Issuance": 0.0,
        "Net Issuance Payments Of Debt": 0.0,
        "Net Long Term Debt Issuance": 0.0,
        "Long Term Debt Payments": 0.0,
        "Long Term Debt Issuance": 0.0,
        "Investing Cash Flow": -437730000000.0,
        "Dividends Received Cfi": 37502000000.0,
        "Net Investment Properties Purchase And Sale": 0.0,
        "Sale Of Investment Properties": 0.0,
        "Purchase Of Investment Properties": 0.0,
        "Net Business Purchase And Sale": 0.0,
        "Sale Of Business": 0.0,
        "Purchase Of Business": null,
        "Net PPE Purchase And Sale": -475232000000.0,
        "Sale Of PPE": 7331000000.0,
        "Purchase Of PPE": -482563000000.0,
        "Operating Cash Flow": 27095891000000.0,
        "Cash Flowsfromusedin Operating Activities Direct": 27095891000000.0,
        "Classesof Cash Payments": -134271207000000.0,
        "Other Cash Paymentsfrom Operating Activities": -8747902000000.0,
        "Paymentson Behalfof Employees": -4887515000000.0,
        "Classesof Cash Receiptsfrom Operating Activities": 161367098000000.0,
        "Other Cash Receiptsfrom Operating Activities": 3202614000000.0
      },
      "2025-03-31 00:00:00": {
        "Free Cash Flow": -8986400000000.0,
        "Repurchase Of Capital Stock": 0.0,
        "Repayment Of Debt": 0.0,
        "Issuance Of Debt": 0.0,
        "Issuance Of Capital Stock": 0.0,
        "Capital Expenditure": -225459000000.0,
        "End Cash Position": 364315448000000.0,
        "Beginning Cash Position": 373319556000000.0,
        "Effect Of Exchange Rate Changes": -19670000000.0,
        "Changes In Cash": -8984438000000.0,
        "Financing Cash Flow": 0.0,
        "Net Common Stock Issuance": 0.0,
        "Common Stock Payments": 0.0,
        "Common Stock Issuance": 0.0,
        "Net Issuance Payments Of Debt": 0.0,
        "Net Long Term Debt Issuance": 0.0,
        "Long Term Debt Payments": 0.0,
        "Long Term Debt Issuance": 0.0,
        "Investing Cash Flow": -223497000000.0,
        "Dividends Received Cfi": 247000000.0,
        "Net Investment Properties Purchase And Sale": 0.0,
        "Sale Of Investment Properties": 0.0,
        "Purchase Of Investment Properties": 0.0,
        "Net Business Purchase And Sale": 0.0,
        "Sale Of Business": 0.0,
        "Purchase Of Business": null,
        "Net PPE Purchase And Sale": -223744000000.0,
        "Sale Of PPE": 1715000000.0,
        "Purchase Of PPE": -225459000000.0,
        "Operating Cash Flow": -8760941000000.0,
        "Cash Flowsfromusedin Operating Activities Direct": -8760941000000.0,
        "Classesof Cash Payments": -146324716000000.0,
        "Other Cash Paymentsfrom Operating Activities": -2103757000000.0,
        "Paymentson Behalfof Employees": -7232995000000.0,
        "Classesof Cash Receiptsfrom Operating Activities": 137563775000000.0,
        "Other Cash Receiptsfrom Operating Activities": 2662111000000.0
      },
      "2024-12-31 00:00:00": {
        "Free Cash Flow": 939754000000.0,
        "Repurchase Of Capital Stock": 0.0,
        "Repayment Of Debt": null,
        "Issuance Of Debt": null,
        "Issuance Of Capital Stock": 0.0,
        "Capital Expenditure": -730452000000.0,
        "End Cash Position": 373319556000000.0,
        "Beginning Cash Position": 372158367000000.0,
        "Effect Of Exchange Rate Changes": 213638000000.0,
        "Changes In Cash": 947551000000.0,
        "Financing Cash Flow": 0.0,
        "Net Common Stock Issuance": 0.0,
        "Common Stock Payments": 0.0,
        "Common Stock Issuance": 0.0,
        "Net Issuance Payments Of Debt": null,
        "Net Long Term Debt Issuance": null,
        "Long Term Debt Payments": null,
        "Long Term Debt Issuance": null,
        "Investing Cash Flow": -722655000000.0,
        "Dividends Received Cfi": 1069000000.0,
        "Net Investment Properties Purchase And Sale": 0.0,
        "Sale Of Investment Properties": 0.0,
        "Purchase Of Investment Properties": 0.0,
        "Net Business Purchase And Sale": null,
        "Sale Of Business": null,
        "Purchase Of Business": null,
        "Net PPE Purchase And Sale": -723724000000.0,
        "Sale Of PPE": 6728000000.0,
        "Purchase Of PPE": -730452000000.0,
        "Operating Cash Flow": 1670206000000.0,
        "Cash Flowsfromusedin Operating Activities Direct": 1670206000000.0,
        "Classesof Cash Payments": -197393088000000.0,
        "Other Cash Paymentsfrom Operating Activities": -34941418000000.0,
        "Paymentson Behalfof Employees": -5505000000000.0,
        "Classesof Cash Receiptsfrom Operating Activities": 199063294000000.0,
        "Other Cash Receiptsfrom Operating Activities": 2637868000000.0
      },
      "2024-09-30 00:00:00": {
        "Free Cash Flow": 15939459000000.0,
        "Repurchase Of Capital Stock": 0.0,
        "Repayment Of Debt": 0.0,
        "Issuance Of Debt": 0.0,
        "Issuance Of Capital Stock": 0.0,
        "Capital Expenditure": -194568000000.0,
        "End Cash Position": 372158367000000.0,
        "Beginning Cash Position": 356354678000000.0,
        "Effect Of Exchange Rate Changes": -151645000000.0,
        "Changes In Cash": 15955334000000.0,
        "Financing Cash Flow": 0.0,
        "Net Common Stock Issuance": 0.0,
        "Common Stock Payments": 0.0,
        "Common Stock Issuance": 0.0,
        "Net Issuance Payments Of Debt": 0.0,
        "Net Long Term Debt Issuance": 0.0,
        "Long Term Debt Payments": 0.0,
        "Long Term Debt Issuance": 0.0,
        "Investing Cash Flow": -178693000000.0,
        "Dividends Received Cfi": 12414000000.0,
        "Net Investment Properties Purchase And Sale": 0.0,
        "Sale Of Investment Properties": 0.0,
        "Purchase Of Investment Properties": 0.0,
        "Net Business Purchase And Sale": 0.0,
        "Sale Of Business": 0.0,
        "Purchase Of Business": 0.0,
        "Net PPE Purchase And Sale": -191107000000.0,
        "Sale Of PPE": 3461000000.0,
        "Purchase Of PPE": -194568000000.0,
        "Operating Cash Flow": 16134027000000.0,
        "Cash Flowsfromusedin Operating Activities Direct": 16134027000000.0,
        "Classesof Cash Payments": -43424071000000.0,
        "Other Cash Paymentsfrom Operating Activities": 13227603000000.0,
        "Paymentson Behalfof Employees": -4250534000000.0,
        "Classesof Cash Receiptsfrom Operating Activities": 59558098000000.0,
        "Other Cash Receiptsfrom Operating Activities": 1032390000000.0
      },
      "2024-06-30 00:00:00": {
        "Free Cash Flow": 47777306000000.0,
        "Repurchase Of Capital Stock": 0.0,
        "Repayment Of Debt": 0.0,
        "Issuance Of Debt": 0.0,
        "Issuance Of Capital Stock": 1537000000.0,
        "Capital Expenditure": -237291000000.0,
        "End Cash Position": 356354678000000.0,
        "Beginning Cash Position": 308509791000000.0,
        "Effect Of Exchange Rate Changes": 55339000000.0,
        "Changes In Cash": 47789548000000.0,
        "Financing Cash Flow": 1537000000.0,
        "Net Common Stock Issuance": 1537000000.0,
        "Common Stock Payments": 0.0,
        "Common Stock Issuance": 1537000000.0,
        "Net Issuance Payments Of Debt": 0.0,
        "Net Long Term Debt Issuance": 0.0,
        "Long Term Debt Payments": 0.0,
        "Long Term Debt Issuance": 0.0,
        "Investing Cash Flow": -226586000000.0,
        "Dividends Received Cfi": 6844000000.0,
        "Net Investment Properties Purchase And Sale": 0.0,
        "Sale Of Investment Properties": 0.0,
        "Purchase Of Investment Properties": 0.0,
        "Net Business Purchase And Sale": 0.0,
        "Sale Of Business": 0.0,
        "Purchase Of Business": null,
        "Net PPE Purchase And Sale": -233430000000.0,
        "Sale Of PPE": 3861000000.0,
        "Purchase Of PPE": -237291000000.0,
        "Operating Cash Flow": 48014597000000.0,
        "Cash Flowsfromusedin Operating Activities Direct": 48014597000000.0,
        "Classesof Cash Payments": -96874137000000.0,
        "Other Cash Paymentsfrom Operating Activities": -1056999000000.0,
        "Paymentson Behalfof Employees": -3774505000000.0,
        "Classesof Cash Receiptsfrom Operating Activities": 144888734000000.0,
        "Other Cash Receiptsfrom Operating Activities": 5136859000000.0
      }
    }
  },
  "annual": {
    "symbol": "CTG.VN",
    "timestamp": "2026-01-09T18:25:14.763274",
    "annual_financials": {
      "2024-12-31 00:00:00": {
        "Tax Effect Of Unusual Items": 2475253234.164229,
        "Tax Rate For Calcs": 0.197751,
        "Total Unusual Items": 12517000000.0,
        "Total Unusual Items Excluding Goodwill": 12517000000.0,
        "Net Income From Continuing Operation Net Minority Interest": 25348215000000.0,
        "Reconciled Depreciation": 1017405000000.0,
        "Net Interest Income": 62402794000000.0,
        "Interest Expense": 62057891000000.0,
        "Interest Income": 124460685000000.0,
        "Normalized Income": 25338173253234.164,
        "Net Income From Continuing And Discontinued Operation": 25348215000000.0,
        "Diluted Average Shares": 7766972625.0,
        "Basic Average Shares": 7766972625.0,
        "Diluted EPS": 3263.351408,
        "Basic EPS": 3263.351408,
        "Diluted NI Availto Com Stockholders": 25348215000000.0,
        "Net Income Common Stockholders": 25348215000000.0,
        "Otherunder Preferred Stock Dividend": null,
        "Net Income": 25348215000000.0,
        "Minority Interests": -134352000000.0,
        "Net Income Including Noncontrolling Interests": 25482567000000.0,
        "Net Income Continuous Operations": 25482567000000.0,
        "Tax Provision": 6281358000000.0,
        "Pretax Income": 31763925000000.0,
        "Special Income Charges": 12517000000.0,
        "Other Special Charges": -12517000000.0,
        "Gain On Sale Of Security": 20539000000.0,
        "Operating Expense": 23153175000000.0,
        "Other Operating Expenses": 1302720000000.0,
        "Depreciation And Amortization In Income Statement": 1017405000000.0,
        "Depreciation Income Statement": 1017405000000.0,
        "Selling General And Administration": 4879723000000.0,
        "General And Administrative Expense": 4879723000000.0,
        "Insurance And Claims": 1121094000000.0,
        "Rent And Landing Fees": 1845093000000.0,
        "Total Revenue": 73652537000000.0,
        "Operating Revenue": 73652537000000.0
      },
      "2023-12-31 00:00:00": {
        "Tax Effect Of Unusual Items": 1559484645.786585,
        "Tax Rate For Calcs": 0.197879,
        "Total Unusual Items": 7881000000.0,
        "Total Unusual Items Excluding Goodwill": 7881000000.0,
        "Net Income From Continuing Operation Net Minority Interest": 19903550000000.0,
        "Reconciled Depreciation": 999288000000.0,
        "Net Interest Income": 52957478000000.0,
        "Interest Expense": 79714259000000.0,
        "Interest Income": 132671737000000.0,
        "Normalized Income": 19897228484645.785,
        "Net Income From Continuing And Discontinued Operation": 19903550000000.0,
        "Diluted Average Shares": 7766972625.0,
        "Basic Average Shares": 7766972625.0,
        "Diluted EPS": 2562.283965,
        "Basic EPS": 2562.283965,
        "Diluted NI Availto Com Stockholders": 19903550000000.0,
        "Net Income Common Stockholders": 19903550000000.0,
        "Otherunder Preferred Stock Dividend": null,
        "Net Income": 19903550000000.0,
        "Minority Interests": -141072000000.0,
        "Net Income Including Noncontrolling Interests": 20044622000000.0,
        "Net Income Continuous Operations": 20044622000000.0,
        "Tax Provision": 4944903000000.0,
        "Pretax Income": 24989525000000.0,
        "Special Income Charges": 7881000000.0,
        "Other Special Charges": -7881000000.0,
        "Gain On Sale Of Security": 92337000000.0,
        "Operating Expense": 20848364000000.0,
        "Other Operating Expenses": 844544000000.0,
        "Depreciation And Amortization In Income Statement": 999288000000.0,
        "Depreciation Income Statement": 999288000000.0,
        "Selling General And Administration": 4666259000000.0,
        "General And Administrative Expense": 4666259000000.0,
        "Insurance And Claims": 985905000000.0,
        "Rent And Landing Fees": 1716122000000.0,
        "Total Revenue": 66078916000000.0,
        "Operating Revenue": 66078916000000.0
      },
      "2022-12-31 00:00:00": {
        "Tax Effect Of Unusual Items": 2878375578.161008,
        "Tax Rate For Calcs": 0.196302,
        "Total Unusual Items": 14663000000.0,
        "Total Unusual Items Excluding Goodwill": 14663000000.0,
        "Net Income From Continuing Operation Net Minority Interest": 16923725000000.0,
        "Reconciled Depreciation": 960387000000.0,
        "Net Interest Income": 47791955000000.0,
        "Interest Expense": 56872679000000.0,
        "Interest Income": 104664634000000.0,
        "Normalized Income": 16911940375578.16,
        "Net Income From Continuing And Discontinued Operation": 16923725000000.0,
        "Diluted Average Shares": 7766972625.0,
        "Basic Average Shares": 7766972625.0,
        "Diluted EPS": 1868.821791,
        "Basic EPS": 1868.821791,
        "Diluted NI Availto Com Stockholders": 16923725000000.0,
        "Net Income Common Stockholders": 16923725000000.0,
        "Otherunder Preferred Stock Dividend": null,
        "Net Income": 16923725000000.0,
        "Minority Interests": -59920000000.0,
        "Net Income Including Noncontrolling Interests": 16983645000000.0,
        "Net Income Continuous Operations": 16983645000000.0,
        "Tax Provision": 4148228000000.0,
        "Pretax Income": 21131873000000.0,
        "Special Income Charges": 14663000000.0,
        "Other Special Charges": -14663000000.0,
        "Gain On Sale Of Security": null,
        "Operating Expense": 19753777000000.0,
        "Other Operating Expenses": 1066209000000.0,
        "Depreciation And Amortization In Income Statement": 960387000000.0,
        "Depreciation Income Statement": 960387000000.0,
        "Selling General And Administration": 4028609000000.0,
        "General And Administrative Expense": 4028609000000.0,
        "Insurance And Claims": 880010000000.0,
        "Rent And Landing Fees": 1731577000000.0,
        "Total Revenue": 58874582000000.0,
        "Operating Revenue": 58874582000000.0
      },
      "2021-12-31 00:00:00": {
        "Tax Effect Of Unusual Items": 862003845.778615,
        "Tax Rate For Calcs": 0.191812,
        "Total Unusual Items": 4494000000.0,
        "Total Unusual Items Excluding Goodwill": 4494000000.0,
        "Net Income From Continuing Operation Net Minority Interest": 14088760000000.0,
        "Reconciled Depreciation": 1010988000000.0,
        "Net Interest Income": 41788465000000.0,
        "Interest Expense": 42839837000000.0,
        "Interest Income": 84628302000000.0,
        "Normalized Income": 14085128003845.78,
        "Net Income From Continuing And Discontinued Operation": 14088760000000.0,
        "Diluted Average Shares": 7767010330.0,
        "Basic Average Shares": 7767010330.0,
        "Diluted EPS": 1553.034374,
        "Basic EPS": 1553.034374,
        "Diluted NI Availto Com Stockholders": 12062285000000.0,
        "Net Income Common Stockholders": 12062285000000.0,
        "Otherunder Preferred Stock Dividend": 2026475000000.0,
        "Net Income": 14088760000000.0,
        "Minority Interests": -126582000000.0,
        "Net Income Including Noncontrolling Interests": 14215342000000.0,
        "Net Income Continuous Operations": 14215342000000.0,
        "Tax Provision": 3373814000000.0,
        "Pretax Income": 17589156000000.0,
        "Special Income Charges": 4494000000.0,
        "Other Special Charges": -4494000000.0,
        "Gain On Sale Of Security": -2998000000.0,
        "Operating Expense": 17755199000000.0,
        "Other Operating Expenses": 796383000000.0,
        "Depreciation And Amortization In Income Statement": 1010988000000.0,
        "Depreciation Income Statement": 1010988000000.0,
        "Selling General And Administration": 3269447000000.0,
        "General And Administrative Expense": 3269447000000.0,
        "Insurance And Claims": 772469000000.0,
        "Rent And Landing Fees": 1892603000000.0,
        "Total Revenue": 50082924000000.0,
        "Operating Revenue": 50082924000000.0
      }
    },
    "annual_balance_sheet": {
      "2024-12-31 00:00:00": {
        "Ordinary Shares Number": 7766972625.0,
        "Share Issued": 7766972625.0,
        "Net Debt": null,
        "Total Debt": 176479668000000.0,
        "Tangible Book Value": 143681038000000.0,
        "Invested Capital": 324013647000000.0,
        "Net Tangible Assets": 143681038000000.0,
        "Common Stock Equity": 147533979000000.0,
        "Total Capitalization": 324013647000000.0,
        "Total Equity Gross Minority Interest": 148504708000000.0,
        "Minority Interest": 970729000000.0,
        "Stockholders Equity": 147533979000000.0,
        "Other Equity Interest": 909405000000.0,
        "Treasury Stock": 0.0,
        "Retained Earnings": 58390118000000.0,
        "Additional Paid In Capital": 8974677000000.0,
        "Capital Stock": 53699917000000.0,
        "Common Stock": 53699917000000.0,
        "Preferred Stock": 0.0,
        "Total Liabilities Net Minority Interest": 2236883024000000.0,
        "Derivative Product Liabilities": 390841000000.0,
        "Long Term Debt And Capital Lease Obligation": 176479668000000.0,
        "Payables": 39327995000000.0,
        "Other Payable": 14625950000000.0,
        "Dividends Payable": null,
        "Total Tax Payable": 3601656000000.0,
        "Accounts Payable": 21100389000000.0,
        "Total Assets": 2385387732000000.0,
        "Investments And Advances": 221339872000000.0,
        "Investmentin Financial Assets": 217633199000000.0,
        "Held To Maturity Securities": 26183712000000.0,
        "Available For Sale Securities": 188650612000000.0,
        "Trading Securities": 2798875000000.0,
        "Long Term Equity Investment": 3706673000000.0,
        "Investmentsin Joint Venturesat Cost": 3706673000000.0,
        "Goodwill And Other Intangible Assets": 3852941000000.0,
        "Other Intangible Assets": 3852941000000.0,
        "Net PPE": 12987058000000.0,
        "Accumulated Depreciation": -11104354000000.0,
        "Gross PPE": 24091412000000.0,
        "Construction In Progress": 5678511000000.0,
        "Other Properties": 3726960000000.0,
        "Machinery Furniture Equipment": 6139418000000.0,
        "Buildings And Improvements": 8546523000000.0,
        "Prepaid Assets": 3382712000000.0,
        "Receivables": 35987362000000.0,
        "Cash And Cash Equivalents": 416109244000000.0,
        "Cash Equivalents": 41038000000.0,
        "Cash Financial": 11106511000000.0,
        "Cash Cash Equivalents And Federal Funds Sold": 416109244000000.0
      },
      "2023-12-31 00:00:00": {
        "Ordinary Shares Number": 7766972625.0,
        "Share Issued": 7766972625.0,
        "Net Debt": null,
        "Total Debt": 162042481000000.0,
        "Tangible Book Value": 121018328000000.0,
        "Invested Capital": 287053081000000.0,
        "Net Tangible Assets": 121018328000000.0,
        "Common Stock Equity": 125010600000000.0,
        "Total Capitalization": 287053081000000.0,
        "Total Equity Gross Minority Interest": 125871820000000.0,
        "Minority Interest": 861220000000.0,
        "Stockholders Equity": 125010600000000.0,
        "Other Equity Interest": 836032000000.0,
        "Treasury Stock": null,
        "Retained Earnings": 42369429000000.0,
        "Additional Paid In Capital": 8974677000000.0,
        "Capital Stock": 53699917000000.0,
        "Common Stock": 53699917000000.0,
        "Preferred Stock": null,
        "Total Liabilities Net Minority Interest": 1906741786000000.0,
        "Derivative Product Liabilities": 555946000000.0,
        "Long Term Debt And Capital Lease Obligation": 162042481000000.0,
        "Payables": 47238118000000.0,
        "Other Payable": 15553905000000.0,
        "Dividends Payable": null,
        "Total Tax Payable": 3590998000000.0,
        "Accounts Payable": 28093215000000.0,
        "Total Assets": 2032613606000000.0,
        "Investments And Advances": 187124919000000.0,
        "Investmentin Financial Assets": 183918467000000.0,
        "Held To Maturity Securities": 754325000000.0,
        "Available For Sale Securities": 180676237000000.0,
        "Trading Securities": 2487905000000.0,
        "Long Term Equity Investment": 3206452000000.0,
        "Investmentsin Joint Venturesat Cost": 3206452000000.0,
        "Goodwill And Other Intangible Assets": 3992272000000.0,
        "Other Intangible Assets": 3992272000000.0,
        "Net PPE": 12601924000000.0,
        "Accumulated Depreciation": -10508202000000.0,
        "Gross PPE": 23110126000000.0,
        "Construction In Progress": 5570225000000.0,
        "Other Properties": 3322060000000.0,
        "Machinery Furniture Equipment": 5804162000000.0,
        "Buildings And Improvements": 8413679000000.0,
        "Prepaid Assets": 3233940000000.0,
        "Receivables": 51477181000000.0,
        "Cash And Cash Equivalents": 309586656000000.0,
        "Cash Equivalents": 55922000000.0,
        "Cash Financial": 9703658000000.0,
        "Cash Cash Equivalents And Federal Funds Sold": 309586656000000.0
      },
      "2022-12-31 00:00:00": {
        "Ordinary Shares Number": 7767010330.0,
        "Share Issued": 7767010330.0,
        "Net Debt": null,
        "Total Debt": 163259935000000.0,
        "Tangible Book Value": 103421357000000.0,
        "Invested Capital": 270836796000000.0,
        "Net Tangible Assets": 103421357000000.0,
        "Common Stock Equity": 107576861000000.0,
        "Total Capitalization": 270836796000000.0,
        "Total Equity Gross Minority Interest": 108316308000000.0,
        "Minority Interest": 739447000000.0,
        "Stockholders Equity": 107576861000000.0,
        "Other Equity Interest": 836032000000.0,
        "Treasury Stock": null,
        "Retained Earnings": 33513021000000.0,
        "Additional Paid In Capital": 8974677000000.0,
        "Capital Stock": 48057506000000.0,
        "Common Stock": 48057506000000.0,
        "Preferred Stock": null,
        "Total Liabilities Net Minority Interest": 1700494560000000.0,
        "Derivative Product Liabilities": 0.0,
        "Long Term Debt And Capital Lease Obligation": 163259935000000.0,
        "Payables": 39711068000000.0,
        "Other Payable": 14608883000000.0,
        "Dividends Payable": 0.0,
        "Total Tax Payable": 3430065000000.0,
        "Accounts Payable": 21672120000000.0,
        "Total Assets": 1808810868000000.0,
        "Investments And Advances": 188297199000000.0,
        "Investmentin Financial Assets": 184994039000000.0,
        "Held To Maturity Securities": 1693052000000.0,
        "Available For Sale Securities": 178836077000000.0,
        "Trading Securities": 1406183000000.0,
        "Long Term Equity Investment": 3303160000000.0,
        "Investmentsin Joint Venturesat Cost": 3303160000000.0,
        "Goodwill And Other Intangible Assets": 4155504000000.0,
        "Other Intangible Assets": 4155504000000.0,
        "Net PPE": 12616762000000.0,
        "Accumulated Depreciation": -10143370000000.0,
        "Gross PPE": 22760132000000.0,
        "Construction In Progress": 5633260000000.0,
        "Other Properties": 3157756000000.0,
        "Machinery Furniture Equipment": 5777063000000.0,
        "Buildings And Improvements": 8192053000000.0,
        "Prepaid Assets": 3136332000000.0,
        "Receivables": 73649094000000.0,
        "Cash And Cash Equivalents": 263248726000000.0,
        "Cash Equivalents": 21754000000.0,
        "Cash Financial": 11045202000000.0,
        "Cash Cash Equivalents And Federal Funds Sold": 263248726000000.0
      },
      "2021-12-31 00:00:00": {
        "Ordinary Shares Number": 7767010330.0,
        "Share Issued": 7767010330.0,
        "Net Debt": 7674291000000.0,
        "Total Debt": 172187757000000.0,
        "Tangible Book Value": 88651409000000.0,
        "Invested Capital": 265142496000000.0,
        "Net Tangible Assets": 88651409000000.0,
        "Common Stock Equity": 92954739000000.0,
        "Total Capitalization": 265142496000000.0,
        "Total Equity Gross Minority Interest": 93649511000000.0,
        "Minority Interest": 694772000000.0,
        "Stockholders Equity": 92954739000000.0,
        "Other Equity Interest": 515908000000.0,
        "Treasury Stock": null,
        "Retained Earnings": 21488131000000.0,
        "Additional Paid In Capital": 8974698000000.0,
        "Capital Stock": 48057506000000.0,
        "Common Stock": 48057506000000.0,
        "Preferred Stock": null,
        "Total Liabilities Net Minority Interest": 1437937887000000.0,
        "Derivative Product Liabilities": null,
        "Long Term Debt And Capital Lease Obligation": 172187757000000.0,
        "Payables": 33556627000000.0,
        "Other Payable": 11706005000000.0,
        "Dividends Payable": 3844600000000.0,
        "Total Tax Payable": 939897000000.0,
        "Accounts Payable": 17066125000000.0,
        "Total Assets": 1531587398000000.0,
        "Investments And Advances": 184764674000000.0,
        "Investmentin Financial Assets": 181691318000000.0,
        "Held To Maturity Securities": 2693106000000.0,
        "Available For Sale Securities": 175068113000000.0,
        "Trading Securities": 2475309000000.0,
        "Long Term Equity Investment": 3073356000000.0,
        "Investmentsin Joint Venturesat Cost": 3073356000000.0,
        "Goodwill And Other Intangible Assets": 4303330000000.0,
        "Other Intangible Assets": 4303330000000.0,
        "Net PPE": 12881071000000.0,
        "Accumulated Depreciation": -9580480000000.0,
        "Gross PPE": 22461551000000.0,
        "Construction In Progress": 5567364000000.0,
        "Other Properties": 3242569000000.0,
        "Machinery Furniture Equipment": 5582388000000.0,
        "Buildings And Improvements": 8069230000000.0,
        "Prepaid Assets": 3261241000000.0,
        "Receivables": 39572438000000.0,
        "Cash And Cash Equivalents": 164513466000000.0,
        "Cash Equivalents": 27982000000.0,
        "Cash Financial": 11302677000000.0,
        "Cash Cash Equivalents And Federal Funds Sold": 164513466000000.0
      }
    },
    "annual_cash_flow": {
      "2024-12-31 00:00:00": {
        "Free Cash Flow": 100823966000000.0,
        "Repurchase Of Capital Stock": 0.0,
        "Issuance Of Capital Stock": 1537000000.0,
        "Capital Expenditure": -1364720000000.0,
        "End Cash Position": 373319556000000.0,
        "Beginning Cash Position": 272303607000000.0,
        "Effect Of Exchange Rate Changes": 154749000000.0,
        "Changes In Cash": 100861200000000.0,
        "Financing Cash Flow": 1537000000.0,
        "Cash Dividends Paid": null,
        "Common Stock Dividend Paid": null,
        "Net Common Stock Issuance": 1537000000.0,
        "Common Stock Payments": 0.0,
        "Common Stock Issuance": 1537000000.0,
        "Investing Cash Flow": -1329023000000.0,
        "Dividends Received Cfi": 20539000000.0,
        "Net Investment Purchase And Sale": 0.0,
        "Sale Of Investment": 0.0,
        "Net Investment Properties Purchase And Sale": 0.0,
        "Sale Of Investment Properties": 0.0,
        "Purchase Of Investment Properties": 0.0,
        "Net Business Purchase And Sale": null,
        "Sale Of Business": null,
        "Net PPE Purchase And Sale": -1349562000000.0,
        "Sale Of PPE": 15158000000.0,
        "Purchase Of PPE": -1364720000000.0,
        "Operating Cash Flow": 102188686000000.0,
        "Cash Flowsfromusedin Operating Activities Direct": 102188686000000.0,
        "Classesof Cash Payments": -428274192000000.0,
        "Other Cash Paymentsfrom Operating Activities": -37521298000000.0,
        "Paymentson Behalfof Employees": -20146505000000.0,
        "Classesof Cash Receiptsfrom Operating Activities": 530462878000000.0,
        "Other Cash Receiptsfrom Operating Activities": 14092607000000.0
      },
      "2023-12-31 00:00:00": {
        "Free Cash Flow": 27961656000000.0,
        "Repurchase Of Capital Stock": 0.0,
        "Issuance Of Capital Stock": 0.0,
        "Capital Expenditure": -806692000000.0,
        "End Cash Position": 272303607000000.0,
        "Beginning Cash Position": 244298220000000.0,
        "Effect Of Exchange Rate Changes": -59079000000.0,
        "Changes In Cash": 28064466000000.0,
        "Financing Cash Flow": 0.0,
        "Cash Dividends Paid": null,
        "Common Stock Dividend Paid": null,
        "Net Common Stock Issuance": 0.0,
        "Common Stock Payments": 0.0,
        "Common Stock Issuance": 0.0,
        "Investing Cash Flow": -703882000000.0,
        "Dividends Received Cfi": 92337000000.0,
        "Net Investment Purchase And Sale": 0.0,
        "Sale Of Investment": 0.0,
        "Net Investment Properties Purchase And Sale": 0.0,
        "Sale Of Investment Properties": 0.0,
        "Purchase Of Investment Properties": 0.0,
        "Net Business Purchase And Sale": null,
        "Sale Of Business": null,
        "Net PPE Purchase And Sale": -796219000000.0,
        "Sale Of PPE": 10473000000.0,
        "Purchase Of PPE": -806692000000.0,
        "Operating Cash Flow": 28768348000000.0,
        "Cash Flowsfromusedin Operating Activities Direct": 28768348000000.0,
        "Classesof Cash Payments": -426759614000000.0,
        "Other Cash Paymentsfrom Operating Activities": -11499267000000.0,
        "Paymentson Behalfof Employees": -18023866000000.0,
        "Classesof Cash Receiptsfrom Operating Activities": 455527962000000.0,
        "Other Cash Receiptsfrom Operating Activities": 24707986000000.0
      },
      "2022-12-31 00:00:00": {
        "Free Cash Flow": 83837871000000.0,
        "Repurchase Of Capital Stock": null,
        "Issuance Of Capital Stock": null,
        "Capital Expenditure": -625858000000.0,
        "End Cash Position": 244298220000000.0,
        "Beginning Cash Position": 164376586000000.0,
        "Effect Of Exchange Rate Changes": -182414000000.0,
        "Changes In Cash": 80104048000000.0,
        "Financing Cash Flow": -3844600000000.0,
        "Cash Dividends Paid": -3844600000000.0,
        "Common Stock Dividend Paid": -3844600000000.0,
        "Net Common Stock Issuance": null,
        "Common Stock Payments": null,
        "Common Stock Issuance": null,
        "Investing Cash Flow": -515081000000.0,
        "Dividends Received Cfi": 87736000000.0,
        "Net Investment Purchase And Sale": 6200000000.0,
        "Sale Of Investment": 6200000000.0,
        "Net Investment Properties Purchase And Sale": null,
        "Sale Of Investment Properties": null,
        "Purchase Of Investment Properties": null,
        "Net Business Purchase And Sale": null,
        "Sale Of Business": null,
        "Net PPE Purchase And Sale": -609017000000.0,
        "Sale Of PPE": 16841000000.0,
        "Purchase Of PPE": -625858000000.0,
        "Operating Cash Flow": 84463729000000.0,
        "Cash Flowsfromusedin Operating Activities Direct": 84463729000000.0,
        "Classesof Cash Payments": -299840344000000.0,
        "Other Cash Paymentsfrom Operating Activities": -36766736000000.0,
        "Paymentson Behalfof Employees": -17193419000000.0,
        "Classesof Cash Receiptsfrom Operating Activities": 384304073000000.0,
        "Other Cash Receiptsfrom Operating Activities": 4505276000000.0
      },
      "2021-12-31 00:00:00": {
        "Free Cash Flow": 4662224000000.0,
        "Repurchase Of Capital Stock": null,
        "Issuance Of Capital Stock": null,
        "Capital Expenditure": -739285000000.0,
        "End Cash Position": 164376586000000.0,
        "Beginning Cash Position": 160175076000000.0,
        "Effect Of Exchange Rate Changes": -530589000000.0,
        "Changes In Cash": 4732099000000.0,
        "Financing Cash Flow": -21267000000.0,
        "Cash Dividends Paid": -21267000000.0,
        "Common Stock Dividend Paid": -21267000000.0,
        "Net Common Stock Issuance": null,
        "Common Stock Payments": null,
        "Common Stock Issuance": null,
        "Investing Cash Flow": -648143000000.0,
        "Dividends Received Cfi": 83771000000.0,
        "Net Investment Purchase And Sale": 0.0,
        "Sale Of Investment": 0.0,
        "Net Investment Properties Purchase And Sale": null,
        "Sale Of Investment Properties": null,
        "Purchase Of Investment Properties": null,
        "Net Business Purchase And Sale": 0.0,
        "Sale Of Business": 0.0,
        "Net PPE Purchase And Sale": -731914000000.0,
        "Sale Of PPE": 7371000000.0,
        "Purchase Of PPE": -739285000000.0,
        "Operating Cash Flow": 5401509000000.0,
        "Cash Flowsfromusedin Operating Activities Direct": 5401509000000.0,
        "Classesof Cash Payments": -276286476000000.0,
        "Other Cash Paymentsfrom Operating Activities": -71630648000000.0,
        "Paymentson Behalfof Employees": -16694320000000.0,
        "Classesof Cash Receiptsfrom Operating Activities": 281687985000000.0,
        "Other Cash Receiptsfrom Operating Activities": 1675957000000.0
      }
    }
  },
  "metrics": {
    "symbol": "CTG.VN",
    "timestamp": "2026-01-09T18:25:15.479412",
    "pe_ratio": 9.499145,
    "pb_ratio": 1.876013,
    "dividend_yield": 0.81,
    "beta": 0.845,
    "eps": 4289.86,
    "roe": 0.21643999,
    "roa": 0.01348,
    "debt_to_equity": null,
    "current_ratio": null,
    "quick_ratio": null,
    "profit_margin": 0.50706,
    "operating_margin": 0.63802,
    "free_cashflow": null,
    "52_week_high": 40850.0,
    "52_week_low": 23368.363,
    "revenue": 65743861317632,
    "gross_profit": 65743861317632,
    "operating_income": -285364237369344
  },
  "dividends": {
    "symbol": "CTG.VN",
    "timestamp": "2026-01-09T18:25:15.745240",
    "total_records": 1,
    "dividends": [
      {
        "date": "2025-10-14T00:00:00+07:00",
        "amount": 450.0
      }
    ]
  },
  "splits": {
    "symbol": "CTG.VN",
    "timestamp": "2026-01-09T18:25:15.803740",
    "total_records": 2,
    "splits": [
      {
        "date": "2023-11-30T00:00:00+07:00",
        "ratio": 1.117415
      },
      {
        "date": "2025-12-17T00:00:00+07:00",
        "ratio": 1.4464
      }
    ]
  }
}