{
  "symbol": "SHB.VN",
  "timestamp": "2026-01-09T18:25:38.197393",
  "quarterly": {
    "symbol": "SHB.VN",
    "timestamp": "2026-01-09T18:25:38.486339",
    "quarterly_financials": {
      "2025-06-30 00:00:00": {
        "Tax Effect Of Unusual Items": 0.0,
        "Tax Rate For Calcs": 0.206055,
        "Net Income From Continuing Operation Net Minority Interest": 3606511000000.0,
        "Net Interest Income": 9126756000000.0,
        "Interest Expense": 8878494000000.0,
        "Interest Income": 18005250000000.0,
        "Normalized Income": 3606511000000.0,
        "Net Income From Continuing And Discontinued Operation": 3606511000000.0,
        "Diluted Average Shares": null,
        "Basic Average Shares": null,
        "Diluted EPS": 785.088469,
        "Basic EPS": 887.149969,
        "Diluted NI Availto Com Stockholders": 3606511000000.0,
        "Net Income Common Stockholders": 3606511000000.0,
        "Net Income": 3606511000000.0,
        "Net Income Including Noncontrolling Interests": 3606511000000.0,
        "Net Income Continuous Operations": 3606511000000.0,
        "Tax Provision": 936007000000.0,
        "Pretax Income": 4542518000000.0,
        "Gain On Sale Of Security": 89887000000.0,
        "Operating Expense": 1681130000000.0,
        "Other Operating Expenses": 1681130000000.0,
        "Insurance And Claims": null,
        "Total Revenue": 10387760000000.0,
        "Operating Revenue": 10387760000000.0
      },
      "2025-03-31 00:00:00": {
        "Tax Effect Of Unusual Items": 0.0,
        "Tax Rate For Calcs": 0.200012,
        "Net Income From Continuing Operation Net Minority Interest": 3496350000000.0,
        "Net Interest Income": 5543669000000.0,
        "Interest Expense": 8324540000000.0,
        "Interest Income": 13868209000000.0,
        "Normalized Income": 3496350000000.0,
        "Net Income From Continuing And Discontinued Operation": 3496350000000.0,
        "Diluted Average Shares": 4065277715.0,
        "Basic Average Shares": 4593763817.0,
        "Diluted EPS": 761.107915,
        "Basic EPS": 860.051944,
        "Diluted NI Availto Com Stockholders": 3496350000000.0,
        "Net Income Common Stockholders": 3496350000000.0,
        "Net Income": 3496350000000.0,
        "Net Income Including Noncontrolling Interests": 3496350000000.0,
        "Net Income Continuous Operations": 3496350000000.0,
        "Tax Provision": 874154000000.0,
        "Pretax Income": 4370504000000.0,
        "Gain On Sale Of Security": 56128000000.0,
        "Operating Expense": 1073883000000.0,
        "Other Operating Expenses": 370899000000.0,
        "Insurance And Claims": 133621000000.0,
        "Total Revenue": 6063519000000.0,
        "Operating Revenue": 6063519000000.0
      },
      "2024-12-31 00:00:00": {
        "Tax Effect Of Unusual Items": 0.0,
        "Tax Rate For Calcs": 0.205732,
        "Net Income From Continuing Operation Net Minority Interest": 1981599000000.0,
        "Net Interest Income": 8283811000000.0,
        "Interest Expense": 7609876000000.0,
        "Interest Income": 15893687000000.0,
        "Normalized Income": 1981599000000.0,
        "Net Income From Continuing And Discontinued Operation": 1981599000000.0,
        "Diluted Average Shares": 4065277715.0,
        "Basic Average Shares": 4065277715.0,
        "Diluted EPS": 431.367192,
        "Basic EPS": 487.444927,
        "Diluted NI Availto Com Stockholders": 1981599000000.0,
        "Net Income Common Stockholders": 1981599000000.0,
        "Net Income": 1981599000000.0,
        "Net Income Including Noncontrolling Interests": 1981599000000.0,
        "Net Income Continuous Operations": 1981599000000.0,
        "Tax Provision": 513275000000.0,
        "Pretax Income": 2494874000000.0,
        "Gain On Sale Of Security": -109984000000.0,
        "Operating Expense": 2403713000000.0,
        "Other Operating Expenses": 2403713000000.0,
        "Insurance And Claims": null,
        "Total Revenue": 9525135000000.0,
        "Operating Revenue": 9525135000000.0
      },
      "2024-09-30 00:00:00": {
        "Tax Effect Of Unusual Items": 0.0,
        "Tax Rate For Calcs": 0.199448,
        "Net Income From Continuing Operation Net Minority Interest": 1739931000000.0,
        "Net Interest Income": 3261808000000.0,
        "Interest Expense": 7113597000000.0,
        "Interest Income": 10375405000000.0,
        "Normalized Income": 1739931000000.0,
        "Net Income From Continuing And Discontinued Operation": 1739931000000.0,
        "Diluted Average Shares": 4065277715.0,
        "Basic Average Shares": 4065277715.0,
        "Diluted EPS": 383.313213,
        "Basic EPS": 433.143931,
        "Diluted NI Availto Com Stockholders": 1739931000000.0,
        "Net Income Common Stockholders": 1739931000000.0,
        "Net Income": 1739931000000.0,
        "Net Income Including Noncontrolling Interests": 1739931000000.0,
        "Net Income Continuous Operations": 1739931000000.0,
        "Tax Provision": 433482000000.0,
        "Pretax Income": 2173413000000.0,
        "Gain On Sale Of Security": 74788000000.0,
        "Operating Expense": 1178383000000.0,
        "Other Operating Expenses": 1178383000000.0,
        "Insurance And Claims": null,
        "Total Revenue": 3862065000000.0,
        "Operating Revenue": 3862065000000.0
      },
      "2024-06-30 00:00:00": {
        "Tax Effect Of Unusual Items": 0.0,
        "Tax Rate For Calcs": 0.200324,
        "Net Income From Continuing Operation Net Minority Interest": 2285232000000.0,
        "Net Interest Income": 4412039000000.0,
        "Interest Expense": 6767444000000.0,
        "Interest Income": 11179483000000.0,
        "Normalized Income": 2285232000000.0,
        "Net Income From Continuing And Discontinued Operation": 2285232000000.0,
        "Diluted Average Shares": null,
        "Basic Average Shares": null,
        "Diluted EPS": 503.445033,
        "Basic EPS": 503.445033,
        "Diluted NI Availto Com Stockholders": 2285232000000.0,
        "Net Income Common Stockholders": 2285232000000.0,
        "Net Income": 2285232000000.0,
        "Net Income Including Noncontrolling Interests": 2285232000000.0,
        "Net Income Continuous Operations": 2285232000000.0,
        "Tax Provision": 572467000000.0,
        "Pretax Income": 2857699000000.0,
        "Gain On Sale Of Security": -103428000000.0,
        "Operating Expense": 1211409000000.0,
        "Other Operating Expenses": 1211409000000.0,
        "Insurance And Claims": null,
        "Total Revenue": 4396868000000.0,
        "Operating Revenue": 4396868000000.0
      }
    },
    "quarterly_balance_sheet": {
      "2025-06-30 00:00:00": {
        "Treasury Shares Number": null,
        "Ordinary Shares Number": null,
        "Share Issued": null,
        "Total Debt": 68498360000000.0,
        "Tangible Book Value": 58593810000000.0,
        "Invested Capital": 131612519000000.0,
        "Net Tangible Assets": 58593810000000.0,
        "Common Stock Equity": 63114159000000.0,
        "Total Capitalization": 131612519000000.0,
        "Total Equity Gross Minority Interest": 63114159000000.0,
        "Minority Interest": 0.0,
        "Stockholders Equity": 63114159000000.0,
        "Fixed Assets Revaluation Reserve": null,
        "Treasury Stock": 5260000000.0,
        "Retained Earnings": 14290387000000.0,
        "Additional Paid In Capital": 1449603000000.0,
        "Capital Stock": 40657470000000.0,
        "Common Stock": 40657470000000.0,
        "Preferred Stock": null,
        "Total Liabilities Net Minority Interest": 762378494000000.0,
        "Derivative Product Liabilities": 86710000000.0,
        "Long Term Debt And Capital Lease Obligation": 68498360000000.0,
        "Payables": 15453852000000.0,
        "Other Payable": 2595151000000.0,
        "Total Tax Payable": null,
        "Accounts Payable": 12858701000000.0,
        "Total Assets": 825492653000000.0,
        "Investments And Advances": 45059700000000.0,
        "Investmentin Financial Assets": 44639755000000.0,
        "Held To Maturity Securities": 27366389000000.0,
        "Available For Sale Securities": 17271556000000.0,
        "Trading Securities": 1810000000.0,
        "Long Term Equity Investment": 419945000000.0,
        "Investmentsin Joint Venturesat Cost": null,
        "Investments In Other Ventures Under Equity Method": 71277000000.0,
        "Investmentsin Associatesat Cost": 348668000000.0,
        "Investmentsin Subsidiariesat Cost": 0.0,
        "Investment Properties": null,
        "Goodwill And Other Intangible Assets": 4520349000000.0,
        "Other Intangible Assets": 4520349000000.0,
        "Net PPE": 830465000000.0,
        "Accumulated Depreciation": -762487000000.0,
        "Gross PPE": 1592952000000.0,
        "Construction In Progress": null,
        "Other Properties": 212417000000.0,
        "Machinery Furniture Equipment": 670665000000.0,
        "Buildings And Improvements": 709870000000.0,
        "Receivables": 49681697000000.0,
        "Cash And Cash Equivalents": 123962722000000.0,
        "Cash Financial": 2097126000000.0,
        "Cash Cash Equivalents And Federal Funds Sold": 123962722000000.0
      },
      "2025-03-31 00:00:00": {
        "Treasury Shares Number": null,
        "Ordinary Shares Number": 4065277715.0,
        "Share Issued": 4593763817.0,
        "Total Debt": 55050253000000.0,
        "Tangible Book Value": 56976670000000.0,
        "Invested Capital": 116523389000000.0,
        "Net Tangible Assets": 56976670000000.0,
        "Common Stock Equity": 61473136000000.0,
        "Total Capitalization": 116523389000000.0,
        "Total Equity Gross Minority Interest": 61473136000000.0,
        "Minority Interest": 0.0,
        "Stockholders Equity": 61473136000000.0,
        "Fixed Assets Revaluation Reserve": 0.0,
        "Treasury Stock": 5260000000.0,
        "Retained Earnings": 12721786000000.0,
        "Additional Paid In Capital": 1449603000000.0,
        "Capital Stock": 40657470000000.0,
        "Common Stock": 40657470000000.0,
        "Preferred Stock": null,
        "Total Liabilities Net Minority Interest": 729269185000000.0,
        "Derivative Product Liabilities": 52351000000.0,
        "Long Term Debt And Capital Lease Obligation": 55050253000000.0,
        "Payables": 13784620000000.0,
        "Other Payable": 2222415000000.0,
        "Total Tax Payable": null,
        "Accounts Payable": 11562205000000.0,
        "Total Assets": 790742321000000.0,
        "Investments And Advances": 29255172000000.0,
        "Investmentin Financial Assets": 28811934000000.0,
        "Held To Maturity Securities": 14469849000000.0,
        "Available For Sale Securities": 14340264000000.0,
        "Trading Securities": 1821000000.0,
        "Long Term Equity Investment": 443238000000.0,
        "Investmentsin Joint Venturesat Cost": null,
        "Investments In Other Ventures Under Equity Method": 71277000000.0,
        "Investmentsin Associatesat Cost": 371961000000.0,
        "Investmentsin Subsidiariesat Cost": 0.0,
        "Investment Properties": null,
        "Goodwill And Other Intangible Assets": 4496466000000.0,
        "Other Intangible Assets": 4496466000000.0,
        "Net PPE": 825432000000.0,
        "Accumulated Depreciation": -772421000000.0,
        "Gross PPE": 1597853000000.0,
        "Construction In Progress": null,
        "Other Properties": 674764000000.0,
        "Machinery Furniture Equipment": 214380000000.0,
        "Buildings And Improvements": 708709000000.0,
        "Receivables": 35045114000000.0,
        "Cash And Cash Equivalents": 136544406000000.0,
        "Cash Financial": 1690751000000.0,
        "Cash Cash Equivalents And Federal Funds Sold": 136544406000000.0
      },
      "2024-12-31 00:00:00": {
        "Treasury Shares Number": 622366.0,
        "Ordinary Shares Number": 4065277715.0,
        "Share Issued": 4594386184.0,
        "Total Debt": 51042764000000.0,
        "Tangible Book Value": 53566201000000.0,
        "Invested Capital": 109110108000000.0,
        "Net Tangible Assets": 53566201000000.0,
        "Common Stock Equity": 58067344000000.0,
        "Total Capitalization": 109110108000000.0,
        "Total Equity Gross Minority Interest": 58067344000000.0,
        "Minority Interest": 0.0,
        "Stockholders Equity": 58067344000000.0,
        "Fixed Assets Revaluation Reserve": 0.0,
        "Treasury Stock": 5260000000.0,
        "Retained Earnings": 13333023000000.0,
        "Additional Paid In Capital": 1449603000000.0,
        "Capital Stock": 36629085000000.0,
        "Common Stock": 36629085000000.0,
        "Preferred Stock": 0.0,
        "Total Liabilities Net Minority Interest": 689410725000000.0,
        "Derivative Product Liabilities": 61927000000.0,
        "Long Term Debt And Capital Lease Obligation": 51042764000000.0,
        "Payables": 13222434000000.0,
        "Other Payable": 915649000000.0,
        "Total Tax Payable": 1715669000000.0,
        "Accounts Payable": 10591116000000.0,
        "Total Assets": 747478069000000.0,
        "Investments And Advances": 37687722000000.0,
        "Investmentin Financial Assets": 37246431000000.0,
        "Held To Maturity Securities": 17444387000000.0,
        "Available For Sale Securities": 14891588000000.0,
        "Trading Securities": 4910456000000.0,
        "Long Term Equity Investment": 441291000000.0,
        "Investmentsin Joint Venturesat Cost": 0.0,
        "Investments In Other Ventures Under Equity Method": 71277000000.0,
        "Investmentsin Associatesat Cost": 370014000000.0,
        "Investmentsin Subsidiariesat Cost": 0.0,
        "Investment Properties": 0.0,
        "Goodwill And Other Intangible Assets": 4501143000000.0,
        "Other Intangible Assets": 4501143000000.0,
        "Net PPE": 1770976000000.0,
        "Accumulated Depreciation": -754087000000.0,
        "Gross PPE": 2525063000000.0,
        "Construction In Progress": 944094000000.0,
        "Other Properties": 660203000000.0,
        "Machinery Furniture Equipment": 214153000000.0,
        "Buildings And Improvements": 706613000000.0,
        "Receivables": 44759610000000.0,
        "Cash And Cash Equivalents": 121636008000000.0,
        "Cash Financial": 1563509000000.0,
        "Cash Cash Equivalents And Federal Funds Sold": 121636008000000.0
      },
      "2024-09-30 00:00:00": {
        "Treasury Shares Number": null,
        "Ordinary Shares Number": 4065277715.0,
        "Share Issued": 4065277715.0,
        "Total Debt": 48047065000000.0,
        "Tangible Book Value": 51254654000000.0,
        "Invested Capital": 103798134000000.0,
        "Net Tangible Assets": 51254654000000.0,
        "Common Stock Equity": 55751069000000.0,
        "Total Capitalization": 103798134000000.0,
        "Total Equity Gross Minority Interest": 55751069000000.0,
        "Minority Interest": null,
        "Stockholders Equity": 55751069000000.0,
        "Fixed Assets Revaluation Reserve": 0.0,
        "Treasury Stock": 5260000000.0,
        "Retained Earnings": 12934661000000.0,
        "Additional Paid In Capital": 1449603000000.0,
        "Capital Stock": 36629085000000.0,
        "Common Stock": 36629085000000.0,
        "Preferred Stock": 0.0,
        "Total Liabilities Net Minority Interest": 632635960000000.0,
        "Derivative Product Liabilities": 0.0,
        "Long Term Debt And Capital Lease Obligation": 48047065000000.0,
        "Payables": 13663819000000.0,
        "Other Payable": 2772680000000.0,
        "Total Tax Payable": null,
        "Accounts Payable": 10891139000000.0,
        "Total Assets": 688387029000000.0,
        "Investments And Advances": 36090145000000.0,
        "Investmentin Financial Assets": 35658127000000.0,
        "Held To Maturity Securities": 16323845000000.0,
        "Available For Sale Securities": 12679233000000.0,
        "Trading Securities": 6633596000000.0,
        "Long Term Equity Investment": 432018000000.0,
        "Investmentsin Joint Venturesat Cost": 0.0,
        "Investments In Other Ventures Under Equity Method": 74276000000.0,
        "Investmentsin Associatesat Cost": 357742000000.0,
        "Investmentsin Subsidiariesat Cost": 0.0,
        "Investment Properties": 0.0,
        "Goodwill And Other Intangible Assets": 4496415000000.0,
        "Other Intangible Assets": 4496415000000.0,
        "Net PPE": 758286000000.0,
        "Accumulated Depreciation": -757149000000.0,
        "Gross PPE": 1515435000000.0,
        "Construction In Progress": null,
        "Other Properties": 220077000000.0,
        "Machinery Furniture Equipment": 625330000000.0,
        "Buildings And Improvements": 670028000000.0,
        "Receivables": 33105724000000.0,
        "Cash And Cash Equivalents": 117295351000000.0,
        "Cash Financial": 1537467000000.0,
        "Cash Cash Equivalents And Federal Funds Sold": 117295351000000.0
      },
      "2024-06-30 00:00:00": {
        "Treasury Shares Number": null,
        "Ordinary Shares Number": 4065277715.0,
        "Share Issued": 4065277715.0,
        "Total Debt": 48189258000000.0,
        "Tangible Book Value": 51308391000000.0,
        "Invested Capital": 104000013000000.0,
        "Net Tangible Assets": 51308391000000.0,
        "Common Stock Equity": 55810755000000.0,
        "Total Capitalization": 104000013000000.0,
        "Total Equity Gross Minority Interest": 55810755000000.0,
        "Minority Interest": null,
        "Stockholders Equity": 55810755000000.0,
        "Fixed Assets Revaluation Reserve": 0.0,
        "Treasury Stock": 5260000000.0,
        "Retained Earnings": 13089279000000.0,
        "Additional Paid In Capital": 1449603000000.0,
        "Capital Stock": 36629085000000.0,
        "Common Stock": 36629085000000.0,
        "Preferred Stock": 0.0,
        "Total Liabilities Net Minority Interest": 603956252000000.0,
        "Derivative Product Liabilities": 240110000000.0,
        "Long Term Debt And Capital Lease Obligation": 48189258000000.0,
        "Payables": 13659662000000.0,
        "Other Payable": 2727614000000.0,
        "Total Tax Payable": null,
        "Accounts Payable": 10932048000000.0,
        "Total Assets": 659767007000000.0,
        "Investments And Advances": 53364018000000.0,
        "Investmentin Financial Assets": 52931332000000.0,
        "Held To Maturity Securities": 34052932000000.0,
        "Available For Sale Securities": 13959419000000.0,
        "Trading Securities": 4918981000000.0,
        "Long Term Equity Investment": 432686000000.0,
        "Investmentsin Joint Venturesat Cost": 0.0,
        "Investments In Other Ventures Under Equity Method": 74276000000.0,
        "Investmentsin Associatesat Cost": 358410000000.0,
        "Investmentsin Subsidiariesat Cost": 0.0,
        "Investment Properties": 0.0,
        "Goodwill And Other Intangible Assets": 4502364000000.0,
        "Other Intangible Assets": 4502364000000.0,
        "Net PPE": 751967000000.0,
        "Accumulated Depreciation": -830586000000.0,
        "Gross PPE": 1582553000000.0,
        "Construction In Progress": null,
        "Other Properties": 226300000000.0,
        "Machinery Furniture Equipment": 685733000000.0,
        "Buildings And Improvements": 670520000000.0,
        "Receivables": 39471942000000.0,
        "Cash And Cash Equivalents": 89378107000000.0,
        "Cash Financial": 1708837000000.0,
        "Cash Cash Equivalents And Federal Funds Sold": 89378107000000.0
      }
    },
    "quarterly_cash_flow": {
      "2025-06-30 00:00:00": {
        "Free Cash Flow": -10483461000000.0,
        "Repurchase Of Capital Stock": 0.0,
        "Repayment Of Debt": 0.0,
        "Issuance Of Debt": 0.0,
        "Issuance Of Capital Stock": 0.0,
        "Capital Expenditure": -60328000000.0,
        "End Cash Position": 123545042000000.0,
        "Beginning Cash Position": 136032807000000.0,
        "Effect Of Exchange Rate Changes": 0.0,
        "Changes In Cash": -12487765000000.0,
        "Financing Cash Flow": -2002749000000.0,
        "Cash Dividends Paid": -2002749000000.0,
        "Common Stock Dividend Paid": -2002749000000.0,
        "Net Common Stock Issuance": 0.0,
        "Common Stock Payments": 0.0,
        "Common Stock Issuance": 0.0,
        "Net Issuance Payments Of Debt": 0.0,
        "Net Long Term Debt Issuance": 0.0,
        "Long Term Debt Payments": 0.0,
        "Long Term Debt Issuance": 0.0,
        "Investing Cash Flow": -61883000000.0,
        "Dividends Received Cfi": -1947000000.0,
        "Net Investment Purchase And Sale": 0.0,
        "Sale Of Investment": 0.0,
        "Net Investment Properties Purchase And Sale": 0.0,
        "Sale Of Investment Properties": 0.0,
        "Purchase Of Investment Properties": 0.0,
        "Net Business Purchase And Sale": null,
        "Purchase Of Business": null,
        "Net PPE Purchase And Sale": -59936000000.0,
        "Sale Of PPE": 392000000.0,
        "Purchase Of PPE": -60328000000.0,
        "Operating Cash Flow": -10423133000000.0,
        "Cash Flowsfromusedin Operating Activities Direct": -10423133000000.0,
        "Classesof Cash Payments": -60543868000000.0,
        "Other Cash Paymentsfrom Operating Activities": -11703073000000.0,
        "Paymentson Behalfof Employees": -1610260000000.0,
        "Classesof Cash Receiptsfrom Operating Activities": 50120735000000.0,
        "Other Cash Receiptsfrom Operating Activities": -16933566000000.0
      },
      "2025-03-31 00:00:00": {
        "Free Cash Flow": 14713066000000.0,
        "Repurchase Of Capital Stock": 0.0,
        "Repayment Of Debt": 0.0,
        "Issuance Of Debt": 0.0,
        "Issuance Of Capital Stock": 0.0,
        "Capital Expenditure": -22252000000.0,
        "End Cash Position": 136032807000000.0,
        "Beginning Cash Position": 121317534000000.0,
        "Effect Of Exchange Rate Changes": 0.0,
        "Changes In Cash": 14715273000000.0,
        "Financing Cash Flow": -81000000.0,
        "Cash Dividends Paid": -81000000.0,
        "Common Stock Dividend Paid": -81000000.0,
        "Net Common Stock Issuance": 0.0,
        "Common Stock Payments": 0.0,
        "Common Stock Issuance": 0.0,
        "Net Issuance Payments Of Debt": 0.0,
        "Net Long Term Debt Issuance": 0.0,
        "Long Term Debt Payments": 0.0,
        "Long Term Debt Issuance": 0.0,
        "Investing Cash Flow": -19964000000.0,
        "Dividends Received Cfi": 1947000000.0,
        "Net Investment Purchase And Sale": 0.0,
        "Sale Of Investment": 0.0,
        "Net Investment Properties Purchase And Sale": 0.0,
        "Sale Of Investment Properties": 0.0,
        "Purchase Of Investment Properties": 0.0,
        "Net Business Purchase And Sale": 0.0,
        "Purchase Of Business": 0.0,
        "Net PPE Purchase And Sale": -21911000000.0,
        "Sale Of PPE": 341000000.0,
        "Purchase Of PPE": -22252000000.0,
        "Operating Cash Flow": 14735318000000.0,
        "Cash Flowsfromusedin Operating Activities Direct": 14735318000000.0,
        "Classesof Cash Payments": -58171196000000.0,
        "Other Cash Paymentsfrom Operating Activities": -9577000000.0,
        "Paymentson Behalfof Employees": -1039760000000.0,
        "Classesof Cash Receiptsfrom Operating Activities": 72906514000000.0,
        "Other Cash Receiptsfrom Operating Activities": 17190640000000.0
      },
      "2024-12-31 00:00:00": {
        "Free Cash Flow": 6013143000000.0,
        "Repurchase Of Capital Stock": 0.0,
        "Repayment Of Debt": 0.0,
        "Issuance Of Debt": 0.0,
        "Issuance Of Capital Stock": 0.0,
        "Capital Expenditure": -107425000000.0,
        "End Cash Position": 121317534000000.0,
        "Beginning Cash Position": 117000031000000.0,
        "Effect Of Exchange Rate Changes": 0.0,
        "Changes In Cash": 4317503000000.0,
        "Financing Cash Flow": -1711463000000.0,
        "Cash Dividends Paid": -1711463000000.0,
        "Common Stock Dividend Paid": -1711463000000.0,
        "Net Common Stock Issuance": 0.0,
        "Common Stock Payments": 0.0,
        "Common Stock Issuance": 0.0,
        "Net Issuance Payments Of Debt": 0.0,
        "Net Long Term Debt Issuance": 0.0,
        "Long Term Debt Payments": 0.0,
        "Long Term Debt Issuance": 0.0,
        "Investing Cash Flow": -91602000000.0,
        "Dividends Received Cfi": 14772000000.0,
        "Net Investment Purchase And Sale": 0.0,
        "Sale Of Investment": 0.0,
        "Net Investment Properties Purchase And Sale": 0.0,
        "Sale Of Investment Properties": 0.0,
        "Purchase Of Investment Properties": 0.0,
        "Net Business Purchase And Sale": null,
        "Purchase Of Business": null,
        "Net PPE Purchase And Sale": -106374000000.0,
        "Sale Of PPE": 1051000000.0,
        "Purchase Of PPE": -107425000000.0,
        "Operating Cash Flow": 6120568000000.0,
        "Cash Flowsfromusedin Operating Activities Direct": 6120568000000.0,
        "Classesof Cash Payments": -64045829000000.0,
        "Other Cash Paymentsfrom Operating Activities": -13620943000000.0,
        "Paymentson Behalfof Employees": -2195349000000.0,
        "Classesof Cash Receiptsfrom Operating Activities": 70166397000000.0,
        "Other Cash Receiptsfrom Operating Activities": -7098369000000.0
      },
      "2024-09-30 00:00:00": {
        "Free Cash Flow": 27954112000000.0,
        "Repurchase Of Capital Stock": 0.0,
        "Repayment Of Debt": 0.0,
        "Issuance Of Debt": 0.0,
        "Issuance Of Capital Stock": 0.0,
        "Capital Expenditure": -29550000000.0,
        "End Cash Position": 117000031000000.0,
        "Beginning Cash Position": 89072707000000.0,
        "Effect Of Exchange Rate Changes": 0.0,
        "Changes In Cash": 27927324000000.0,
        "Financing Cash Flow": -34658000000.0,
        "Cash Dividends Paid": -34658000000.0,
        "Common Stock Dividend Paid": -34658000000.0,
        "Net Common Stock Issuance": 0.0,
        "Common Stock Payments": 0.0,
        "Common Stock Issuance": 0.0,
        "Net Issuance Payments Of Debt": 0.0,
        "Net Long Term Debt Issuance": 0.0,
        "Long Term Debt Payments": 0.0,
        "Long Term Debt Issuance": 0.0,
        "Investing Cash Flow": -21680000000.0,
        "Dividends Received Cfi": 7111000000.0,
        "Net Investment Purchase And Sale": 0.0,
        "Sale Of Investment": 0.0,
        "Net Investment Properties Purchase And Sale": 0.0,
        "Sale Of Investment Properties": 0.0,
        "Purchase Of Investment Properties": 0.0,
        "Net Business Purchase And Sale": null,
        "Purchase Of Business": null,
        "Net PPE Purchase And Sale": -28791000000.0,
        "Sale Of PPE": 759000000.0,
        "Purchase Of PPE": -29550000000.0,
        "Operating Cash Flow": 27983662000000.0,
        "Cash Flowsfromusedin Operating Activities Direct": 27983662000000.0,
        "Classesof Cash Payments": -18073498000000.0,
        "Other Cash Paymentsfrom Operating Activities": 12110165000000.0,
        "Paymentson Behalfof Employees": -1082271000000.0,
        "Classesof Cash Receiptsfrom Operating Activities": 46057160000000.0,
        "Other Cash Receiptsfrom Operating Activities": 3279712000000.0
      },
      "2024-06-30 00:00:00": {
        "Free Cash Flow": 30186556000000.0,
        "Repurchase Of Capital Stock": 0.0,
        "Repayment Of Debt": 0.0,
        "Issuance Of Debt": 0.0,
        "Issuance Of Capital Stock": 435104000000.0,
        "Capital Expenditure": -74741000000.0,
        "End Cash Position": 89072707000000.0,
        "Beginning Cash Position": 58645444000000.0,
        "Effect Of Exchange Rate Changes": 0.0,
        "Changes In Cash": 30427263000000.0,
        "Financing Cash Flow": 435059000000.0,
        "Cash Dividends Paid": -45000000.0,
        "Common Stock Dividend Paid": -45000000.0,
        "Net Common Stock Issuance": 435104000000.0,
        "Common Stock Payments": 0.0,
        "Common Stock Issuance": 435104000000.0,
        "Net Issuance Payments Of Debt": 0.0,
        "Net Long Term Debt Issuance": 0.0,
        "Long Term Debt Payments": 0.0,
        "Long Term Debt Issuance": 0.0,
        "Investing Cash Flow": -269093000000.0,
        "Dividends Received Cfi": 7619000000.0,
        "Net Investment Purchase And Sale": 0.0,
        "Sale Of Investment": 0.0,
        "Net Investment Properties Purchase And Sale": 0.0,
        "Sale Of Investment Properties": 0.0,
        "Purchase Of Investment Properties": 0.0,
        "Net Business Purchase And Sale": null,
        "Purchase Of Business": null,
        "Net PPE Purchase And Sale": -276712000000.0,
        "Sale Of PPE": -201971000000.0,
        "Purchase Of PPE": -74741000000.0,
        "Operating Cash Flow": 30261297000000.0,
        "Cash Flowsfromusedin Operating Activities Direct": 30261297000000.0,
        "Classesof Cash Payments": -13938330000000.0,
        "Other Cash Paymentsfrom Operating Activities": 14360539000000.0,
        "Paymentson Behalfof Employees": -1217962000000.0,
        "Classesof Cash Receiptsfrom Operating Activities": 44199627000000.0,
        "Other Cash Receiptsfrom Operating Activities": 808729000000.0
      }
    }
  },
  "annual": {
    "symbol": "SHB.VN",
    "timestamp": "2026-01-09T18:25:38.988656",
    "annual_financials": {
      "2024-12-31 00:00:00": {
        "Tax Effect Of Unusual Items": 0.0,
        "Tax Rate For Calcs": 0.194247,
        "Total Unusual Items": null,
        "Total Unusual Items Excluding Goodwill": null,
        "Net Income From Continuing Operation Net Minority Interest": 9321949000000.0,
        "Reconciled Depreciation": 111262000000.0,
        "Net Interest Income": 21232119000000.0,
        "Interest Expense": 29255227000000.0,
        "Interest Income": 50487346000000.0,
        "Normalized Income": 9321949000000.0,
        "Net Income From Continuing And Discontinued Operation": 9321949000000.0,
        "Diluted Average Shares": 4487287722.0,
        "Basic Average Shares": 5070635126.0,
        "Diluted EPS": 2077.477477,
        "Basic EPS": 1838.475644,
        "Diluted NI Availto Com Stockholders": 9321949000000.0,
        "Net Income Common Stockholders": 9321949000000.0,
        "Net Income": 9321949000000.0,
        "Net Income Including Noncontrolling Interests": 9321949000000.0,
        "Net Income Continuous Operations": 9321949000000.0,
        "Tax Provision": 2247293000000.0,
        "Pretax Income": 11569242000000.0,
        "Special Income Charges": null,
        "Gain On Sale Of Security": 2660000000.0,
        "Operating Expense": 5943859000000.0,
        "Other Operating Expenses": 2155574000000.0,
        "Depreciation And Amortization In Income Statement": 111262000000.0,
        "Depreciation Income Statement": 111262000000.0,
        "Selling General And Administration": null,
        "General And Administrative Expense": null,
        "Insurance And Claims": 499430000000.0,
        "Total Revenue": 23250953000000.0,
        "Operating Revenue": 23250953000000.0
      },
      "2023-12-31 00:00:00": {
        "Tax Effect Of Unusual Items": 0.0,
        "Tax Rate For Calcs": 0.207193,
        "Total Unusual Items": null,
        "Total Unusual Items Excluding Goodwill": null,
        "Net Income From Continuing Operation Net Minority Interest": 7324758000000.0,
        "Reconciled Depreciation": 105365000000.0,
        "Net Interest Income": 19285353000000.0,
        "Interest Expense": 38304038000000.0,
        "Interest Income": 57589391000000.0,
        "Normalized Income": 7324758000000.0,
        "Net Income From Continuing And Discontinued Operation": 7324758000000.0,
        "Diluted Average Shares": 5044468967.0,
        "Basic Average Shares": 5044468967.0,
        "Diluted EPS": 1451.805788,
        "Basic EPS": 1451.805788,
        "Diluted NI Availto Com Stockholders": 7324758000000.0,
        "Net Income Common Stockholders": 7324758000000.0,
        "Net Income": 7324758000000.0,
        "Net Income Including Noncontrolling Interests": 7324758000000.0,
        "Net Income Continuous Operations": 7324758000000.0,
        "Tax Provision": 1914263000000.0,
        "Pretax Income": 9239021000000.0,
        "Special Income Charges": null,
        "Gain On Sale Of Security": 731645000000.0,
        "Operating Expense": 5112076000000.0,
        "Other Operating Expenses": 1633011000000.0,
        "Depreciation And Amortization In Income Statement": 105365000000.0,
        "Depreciation Income Statement": 105365000000.0,
        "Selling General And Administration": 1035554000000.0,
        "General And Administrative Expense": 1035554000000.0,
        "Insurance And Claims": 428201000000.0,
        "Total Revenue": 21192165000000.0,
        "Operating Revenue": 21192165000000.0
      },
      "2022-12-31 00:00:00": {
        "Tax Effect Of Unusual Items": 0.0,
        "Tax Rate For Calcs": 0.20233,
        "Total Unusual Items": null,
        "Total Unusual Items Excluding Goodwill": null,
        "Net Income From Continuing Operation Net Minority Interest": 7728918000000.0,
        "Reconciled Depreciation": 79870000000.0,
        "Net Interest Income": 17550084000000.0,
        "Interest Expense": 23223586000000.0,
        "Interest Income": 40773670000000.0,
        "Normalized Income": 7728918000000.0,
        "Net Income From Continuing And Discontinued Operation": 7728918000000.0,
        "Diluted Average Shares": 4539188687.0,
        "Basic Average Shares": 4539188687.0,
        "Diluted EPS": 1679.821414,
        "Basic EPS": 1679.821414,
        "Diluted NI Availto Com Stockholders": 7728918000000.0,
        "Net Income Common Stockholders": 7728918000000.0,
        "Net Income": 7728918000000.0,
        "Net Income Including Noncontrolling Interests": 7728918000000.0,
        "Net Income Continuous Operations": 7728918000000.0,
        "Tax Provision": 1960450000000.0,
        "Pretax Income": 9689368000000.0,
        "Special Income Charges": null,
        "Gain On Sale Of Security": null,
        "Operating Expense": 4431359000000.0,
        "Other Operating Expenses": 1241444000000.0,
        "Depreciation And Amortization In Income Statement": 79870000000.0,
        "Depreciation Income Statement": 79870000000.0,
        "Selling General And Administration": 654084000000.0,
        "General And Administrative Expense": 654084000000.0,
        "Insurance And Claims": 319172000000.0,
        "Total Revenue": 18753818000000.0,
        "Operating Revenue": 18753818000000.0
      },
      "2021-12-31 00:00:00": {
        "Tax Effect Of Unusual Items": 0.0,
        "Tax Rate For Calcs": 0.2,
        "Total Unusual Items": 0.0,
        "Total Unusual Items Excluding Goodwill": 0.0,
        "Net Income From Continuing Operation Net Minority Interest": 5007161000000.0,
        "Reconciled Depreciation": 77724000000.0,
        "Net Interest Income": 15570349000000.0,
        "Interest Expense": 20035980000000.0,
        "Interest Income": 35606329000000.0,
        "Normalized Income": 5007161000000.0,
        "Net Income From Continuing And Discontinued Operation": 5007161000000.0,
        "Diluted Average Shares": 4110940454.0,
        "Basic Average Shares": 4110940454.0,
        "Diluted EPS": 1218.182334,
        "Basic EPS": 1218.182334,
        "Diluted NI Availto Com Stockholders": 5007161000000.0,
        "Net Income Common Stockholders": 5007161000000.0,
        "Net Income": 5007161000000.0,
        "Net Income Including Noncontrolling Interests": 5007161000000.0,
        "Net Income Continuous Operations": 5007161000000.0,
        "Tax Provision": 1252881000000.0,
        "Pretax Income": 6260042000000.0,
        "Special Income Charges": 0.0,
        "Gain On Sale Of Security": 988410000000.0,
        "Operating Expense": 4648811000000.0,
        "Other Operating Expenses": 1233416000000.0,
        "Depreciation And Amortization In Income Statement": 77724000000.0,
        "Depreciation Income Statement": 77724000000.0,
        "Selling General And Administration": 567205000000.0,
        "General And Administrative Expense": 567205000000.0,
        "Insurance And Claims": 289121000000.0,
        "Total Revenue": 17769110000000.0,
        "Operating Revenue": 17769110000000.0
      }
    },
    "annual_balance_sheet": {
      "2024-12-31 00:00:00": {
        "Treasury Shares Number": 622366.0,
        "Ordinary Shares Number": 4065277715.0,
        "Share Issued": 4065828481.0,
        "Total Debt": 51042764000000.0,
        "Tangible Book Value": 53566201000000.0,
        "Invested Capital": 109110108000000.0,
        "Net Tangible Assets": 53566201000000.0,
        "Common Stock Equity": 58067344000000.0,
        "Total Capitalization": 109110108000000.0,
        "Total Equity Gross Minority Interest": 58067344000000.0,
        "Minority Interest": 0.0,
        "Stockholders Equity": 58067344000000.0,
        "Fixed Assets Revaluation Reserve": 0.0,
        "Treasury Stock": 5260000000.0,
        "Retained Earnings": 13333023000000.0,
        "Additional Paid In Capital": 1449603000000.0,
        "Capital Stock": 36629085000000.0,
        "Common Stock": 36629085000000.0,
        "Preferred Stock": 0.0,
        "Total Liabilities Net Minority Interest": 689410725000000.0,
        "Derivative Product Liabilities": 61927000000.0,
        "Long Term Debt And Capital Lease Obligation": 51042764000000.0,
        "Payables": 13222434000000.0,
        "Other Payable": 915649000000.0,
        "Total Tax Payable": 1715669000000.0,
        "Accounts Payable": 10591116000000.0,
        "Total Assets": 747478069000000.0,
        "Investments And Advances": 37687722000000.0,
        "Investmentin Financial Assets": 37246431000000.0,
        "Held To Maturity Securities": 17444387000000.0,
        "Available For Sale Securities": 14891588000000.0,
        "Trading Securities": 4910456000000.0,
        "Long Term Equity Investment": 441291000000.0,
        "Investmentsin Joint Venturesat Cost": 0.0,
        "Investments In Other Ventures Under Equity Method": 71277000000.0,
        "Investmentsin Associatesat Cost": 370014000000.0,
        "Investmentsin Subsidiariesat Cost": 0.0,
        "Investment Properties": 0.0,
        "Goodwill And Other Intangible Assets": 4501143000000.0,
        "Other Intangible Assets": 4501143000000.0,
        "Net PPE": 1770976000000.0,
        "Accumulated Depreciation": -754087000000.0,
        "Gross PPE": 2525063000000.0,
        "Construction In Progress": 944094000000.0,
        "Other Properties": 660203000000.0,
        "Machinery Furniture Equipment": 214153000000.0,
        "Buildings And Improvements": 706613000000.0,
        "Prepaid Assets": null,
        "Receivables": 44759610000000.0,
        "Cash And Cash Equivalents": 121636008000000.0,
        "Cash Financial": 1563509000000.0,
        "Cash Cash Equivalents And Federal Funds Sold": 121636008000000.0
      },
      "2023-12-31 00:00:00": {
        "Treasury Shares Number": 550766.0,
        "Ordinary Shares Number": 4539188687.0,
        "Share Issued": 4539811053.0,
        "Total Debt": 49913166000000.0,
        "Tangible Book Value": 45603842000000.0,
        "Invested Capital": 100011446000000.0,
        "Net Tangible Assets": 45603842000000.0,
        "Common Stock Equity": 50098280000000.0,
        "Total Capitalization": 100011446000000.0,
        "Total Equity Gross Minority Interest": 50098280000000.0,
        "Minority Interest": null,
        "Stockholders Equity": 50098280000000.0,
        "Fixed Assets Revaluation Reserve": null,
        "Treasury Stock": 5260000000.0,
        "Retained Earnings": 8010896000000.0,
        "Additional Paid In Capital": 1449603000000.0,
        "Capital Stock": 36193981000000.0,
        "Common Stock": 36193981000000.0,
        "Preferred Stock": null,
        "Total Liabilities Net Minority Interest": 580402405000000.0,
        "Derivative Product Liabilities": 97152000000.0,
        "Long Term Debt And Capital Lease Obligation": 49913166000000.0,
        "Payables": 16088208000000.0,
        "Other Payable": 804854000000.0,
        "Total Tax Payable": 1257723000000.0,
        "Accounts Payable": 14025631000000.0,
        "Total Assets": 630500685000000.0,
        "Investments And Advances": 40270850000000.0,
        "Investmentin Financial Assets": 39856402000000.0,
        "Held To Maturity Securities": 17755972000000.0,
        "Available For Sale Securities": 14307688000000.0,
        "Trading Securities": 7792742000000.0,
        "Long Term Equity Investment": 414448000000.0,
        "Investmentsin Joint Venturesat Cost": null,
        "Investments In Other Ventures Under Equity Method": 71276000000.0,
        "Investmentsin Associatesat Cost": 343172000000.0,
        "Investmentsin Subsidiariesat Cost": null,
        "Investment Properties": null,
        "Goodwill And Other Intangible Assets": 4494438000000.0,
        "Other Intangible Assets": 4494438000000.0,
        "Net PPE": 1696350000000.0,
        "Accumulated Depreciation": -793525000000.0,
        "Gross PPE": 2489875000000.0,
        "Construction In Progress": 961372000000.0,
        "Other Properties": 620556000000.0,
        "Machinery Furniture Equipment": 240766000000.0,
        "Buildings And Improvements": 667181000000.0,
        "Prepaid Assets": null,
        "Receivables": 31848472000000.0,
        "Cash And Cash Equivalents": 110960400000000.0,
        "Cash Financial": 1370849000000.0,
        "Cash Cash Equivalents And Federal Funds Sold": 110960400000000.0
      },
      "2022-12-31 00:00:00": {
        "Treasury Shares Number": 649904.0,
        "Ordinary Shares Number": 4539219724.0,
        "Share Issued": 4017658509.0,
        "Total Debt": 43468710000000.0,
        "Tangible Book Value": 38452929000000.0,
        "Invested Capital": 86373181000000.0,
        "Net Tangible Assets": 38452929000000.0,
        "Common Stock Equity": 42904471000000.0,
        "Total Capitalization": 86373181000000.0,
        "Total Equity Gross Minority Interest": 42904471000000.0,
        "Minority Interest": null,
        "Stockholders Equity": 42904471000000.0,
        "Fixed Assets Revaluation Reserve": null,
        "Treasury Stock": 5260000000.0,
        "Retained Earnings": 7330806000000.0,
        "Additional Paid In Capital": 1449603000000.0,
        "Capital Stock": 30673832000000.0,
        "Common Stock": 30673832000000.0,
        "Preferred Stock": null,
        "Total Liabilities Net Minority Interest": 499523614000000.0,
        "Derivative Product Liabilities": 0.0,
        "Long Term Debt And Capital Lease Obligation": 43468710000000.0,
        "Payables": 11715383000000.0,
        "Other Payable": 834745000000.0,
        "Total Tax Payable": 1811318000000.0,
        "Accounts Payable": 9069320000000.0,
        "Total Assets": 542428085000000.0,
        "Investments And Advances": 33272694000000.0,
        "Investmentin Financial Assets": 33225995000000.0,
        "Held To Maturity Securities": 20059713000000.0,
        "Available For Sale Securities": 12894963000000.0,
        "Trading Securities": 1547000000.0,
        "Long Term Equity Investment": 46699000000.0,
        "Investmentsin Joint Venturesat Cost": null,
        "Investments In Other Ventures Under Equity Method": 46699000000.0,
        "Investmentsin Associatesat Cost": 0.0,
        "Investmentsin Subsidiariesat Cost": null,
        "Investment Properties": null,
        "Goodwill And Other Intangible Assets": 4451542000000.0,
        "Other Intangible Assets": 4451542000000.0,
        "Net PPE": 1630329000000.0,
        "Accumulated Depreciation": -784295000000.0,
        "Gross PPE": 2414624000000.0,
        "Construction In Progress": 1127475000000.0,
        "Other Properties": 200215000000.0,
        "Machinery Furniture Equipment": 616364000000.0,
        "Buildings And Improvements": 470570000000.0,
        "Prepaid Assets": 236632000000.0,
        "Receivables": 43957675000000.0,
        "Cash And Cash Equivalents": 69500092000000.0,
        "Cash Financial": 1897545000000.0,
        "Cash Cash Equivalents And Federal Funds Sold": 69500092000000.0
      },
      "2021-12-31 00:00:00": {
        "Treasury Shares Number": 844550.0,
        "Ordinary Shares Number": 4017031717.0,
        "Share Issued": 4017779107.0,
        "Total Debt": 56548252000000.0,
        "Tangible Book Value": 31088881000000.0,
        "Invested Capital": 92079917000000.0,
        "Net Tangible Assets": 31088881000000.0,
        "Common Stock Equity": 35531665000000.0,
        "Total Capitalization": 92079917000000.0,
        "Total Equity Gross Minority Interest": 35531665000000.0,
        "Minority Interest": null,
        "Stockholders Equity": 35531665000000.0,
        "Fixed Assets Revaluation Reserve": 0.0,
        "Treasury Stock": 5260000000.0,
        "Retained Earnings": 4784017000000.0,
        "Additional Paid In Capital": 1449603000000.0,
        "Capital Stock": 26673698000000.0,
        "Common Stock": 26673698000000.0,
        "Preferred Stock": null,
        "Total Liabilities Net Minority Interest": 471072663000000.0,
        "Derivative Product Liabilities": 0.0,
        "Long Term Debt And Capital Lease Obligation": 56548252000000.0,
        "Payables": 11356992000000.0,
        "Other Payable": 101077000000.0,
        "Total Tax Payable": 3568460000000.0,
        "Accounts Payable": 7687455000000.0,
        "Total Assets": 506604328000000.0,
        "Investments And Advances": 25491922000000.0,
        "Investmentin Financial Assets": 25360270000000.0,
        "Held To Maturity Securities": 15164880000000.0,
        "Available For Sale Securities": 9939697000000.0,
        "Trading Securities": 3245000000.0,
        "Long Term Equity Investment": 131652000000.0,
        "Investmentsin Joint Venturesat Cost": 0.0,
        "Investments In Other Ventures Under Equity Method": 131652000000.0,
        "Investmentsin Associatesat Cost": 0.0,
        "Investmentsin Subsidiariesat Cost": 3959932000000.0,
        "Investment Properties": 0.0,
        "Goodwill And Other Intangible Assets": 4442784000000.0,
        "Other Intangible Assets": 4442784000000.0,
        "Net PPE": 1002585000000.0,
        "Accumulated Depreciation": -782085000000.0,
        "Gross PPE": 1784670000000.0,
        "Construction In Progress": null,
        "Other Properties": 701269000000.0,
        "Machinery Furniture Equipment": 608533000000.0,
        "Buildings And Improvements": 474868000000.0,
        "Prepaid Assets": 402564000000.0,
        "Receivables": 35089838000000.0,
        "Cash And Cash Equivalents": 73719504000000.0,
        "Cash Financial": 1878293000000.0,
        "Cash Cash Equivalents And Federal Funds Sold": 73719504000000.0
      }
    },
    "annual_cash_flow": {
      "2024-12-31 00:00:00": {
        "Free Cash Flow": 11737161000000.0,
        "Repurchase Of Capital Stock": 0.0,
        "Repayment Of Debt": 0.0,
        "Issuance Of Debt": 0.0,
        "Issuance Of Capital Stock": 435104000000.0,
        "Capital Expenditure": -211964000000.0,
        "End Cash Position": 121317534000000.0,
        "Beginning Cash Position": 110859786000000.0,
        "Effect Of Exchange Rate Changes": 0.0,
        "Changes In Cash": 10457748000000.0,
        "Financing Cash Flow": -1311389000000.0,
        "Cash Dividends Paid": -1746493000000.0,
        "Common Stock Dividend Paid": -1746493000000.0,
        "Net Common Stock Issuance": 435104000000.0,
        "Common Stock Payments": 0.0,
        "Common Stock Issuance": 435104000000.0,
        "Net Issuance Payments Of Debt": 0.0,
        "Net Long Term Debt Issuance": 0.0,
        "Long Term Debt Payments": 0.0,
        "Long Term Debt Issuance": 0.0,
        "Investing Cash Flow": -179988000000.0,
        "Dividends Received Cfi": 29502000000.0,
        "Net Investment Purchase And Sale": 0.0,
        "Sale Of Investment": 0.0,
        "Purchase Of Investment": null,
        "Net Investment Properties Purchase And Sale": 0.0,
        "Sale Of Investment Properties": 0.0,
        "Purchase Of Investment Properties": 0.0,
        "Net Business Purchase And Sale": 0.0,
        "Purchase Of Business": 0.0,
        "Net PPE Purchase And Sale": -209490000000.0,
        "Sale Of PPE": 2474000000.0,
        "Purchase Of PPE": -211964000000.0,
        "Operating Cash Flow": 11949125000000.0,
        "Cash Flowsfromusedin Operating Activities Direct": 11949125000000.0,
        "Classesof Cash Payments": -161022637000000.0,
        "Other Cash Paymentsfrom Operating Activities": -23035211000000.0,
        "Paymentson Behalfof Employees": -5591149000000.0,
        "Classesof Cash Receiptsfrom Operating Activities": 172971762000000.0,
        "Other Cash Receiptsfrom Operating Activities": 796246000000.0
      },
      "2023-12-31 00:00:00": {
        "Free Cash Flow": 40527681000000.0,
        "Repurchase Of Capital Stock": 0.0,
        "Repayment Of Debt": 0.0,
        "Issuance Of Debt": 0.0,
        "Issuance Of Capital Stock": 0.0,
        "Capital Expenditure": -242736000000.0,
        "End Cash Position": 110859786000000.0,
        "Beginning Cash Position": 69500092000000.0,
        "Effect Of Exchange Rate Changes": 0.0,
        "Changes In Cash": 41359694000000.0,
        "Financing Cash Flow": -165000000.0,
        "Cash Dividends Paid": -165000000.0,
        "Common Stock Dividend Paid": -165000000.0,
        "Net Common Stock Issuance": 0.0,
        "Common Stock Payments": 0.0,
        "Common Stock Issuance": 0.0,
        "Net Issuance Payments Of Debt": 0.0,
        "Net Long Term Debt Issuance": 0.0,
        "Long Term Debt Payments": 0.0,
        "Long Term Debt Issuance": 0.0,
        "Investing Cash Flow": 589442000000.0,
        "Dividends Received Cfi": 4958000000.0,
        "Net Investment Purchase And Sale": 825440000000.0,
        "Sale Of Investment": 825440000000.0,
        "Purchase Of Investment": null,
        "Net Investment Properties Purchase And Sale": 0.0,
        "Sale Of Investment Properties": 0.0,
        "Purchase Of Investment Properties": 0.0,
        "Net Business Purchase And Sale": 0.0,
        "Purchase Of Business": 0.0,
        "Net PPE Purchase And Sale": -240956000000.0,
        "Sale Of PPE": 1780000000.0,
        "Purchase Of PPE": -242736000000.0,
        "Operating Cash Flow": 40770417000000.0,
        "Cash Flowsfromusedin Operating Activities Direct": 40770417000000.0,
        "Classesof Cash Payments": -121023379000000.0,
        "Other Cash Paymentsfrom Operating Activities": -11558225000000.0,
        "Paymentson Behalfof Employees": -4945722000000.0,
        "Classesof Cash Receiptsfrom Operating Activities": 161793796000000.0,
        "Other Cash Receiptsfrom Operating Activities": 7410997000000.0
      },
      "2022-12-31 00:00:00": {
        "Free Cash Flow": -2334449000000.0,
        "Repurchase Of Capital Stock": null,
        "Repayment Of Debt": null,
        "Issuance Of Debt": null,
        "Issuance Of Capital Stock": 0.0,
        "Capital Expenditure": -71255000000.0,
        "End Cash Position": 69500092000000.0,
        "Beginning Cash Position": 71809167000000.0,
        "Effect Of Exchange Rate Changes": null,
        "Changes In Cash": -2309075000000.0,
        "Financing Cash Flow": -122000000.0,
        "Cash Dividends Paid": -122000000.0,
        "Common Stock Dividend Paid": -122000000.0,
        "Net Common Stock Issuance": 0.0,
        "Common Stock Payments": null,
        "Common Stock Issuance": 0.0,
        "Net Issuance Payments Of Debt": null,
        "Net Long Term Debt Issuance": null,
        "Long Term Debt Payments": null,
        "Long Term Debt Issuance": null,
        "Investing Cash Flow": -45759000000.0,
        "Dividends Received Cfi": 4226000000.0,
        "Net Investment Purchase And Sale": 6119000000.0,
        "Sale Of Investment": 6119000000.0,
        "Purchase Of Investment": null,
        "Net Investment Properties Purchase And Sale": null,
        "Sale Of Investment Properties": null,
        "Purchase Of Investment Properties": null,
        "Net Business Purchase And Sale": null,
        "Purchase Of Business": null,
        "Net PPE Purchase And Sale": -56104000000.0,
        "Sale Of PPE": 15151000000.0,
        "Purchase Of PPE": -71255000000.0,
        "Operating Cash Flow": -2263194000000.0,
        "Cash Flowsfromusedin Operating Activities Direct": -2263194000000.0,
        "Classesof Cash Payments": -84436833000000.0,
        "Other Cash Paymentsfrom Operating Activities": -27690736000000.0,
        "Paymentson Behalfof Employees": -4340550000000.0,
        "Classesof Cash Receiptsfrom Operating Activities": 82173639000000.0,
        "Other Cash Receiptsfrom Operating Activities": 6102356000000.0
      },
      "2021-12-31 00:00:00": {
        "Free Cash Flow": 17485410000000.0,
        "Repurchase Of Capital Stock": 0.0,
        "Repayment Of Debt": 0.0,
        "Issuance Of Debt": 0.0,
        "Issuance Of Capital Stock": 6739434000000.0,
        "Capital Expenditure": -204939000000.0,
        "End Cash Position": 71809167000000.0,
        "Beginning Cash Position": 47580006000000.0,
        "Effect Of Exchange Rate Changes": 0.0,
        "Changes In Cash": 24229161000000.0,
        "Financing Cash Flow": 6738501000000.0,
        "Cash Dividends Paid": -933000000.0,
        "Common Stock Dividend Paid": -933000000.0,
        "Net Common Stock Issuance": 6739434000000.0,
        "Common Stock Payments": 0.0,
        "Common Stock Issuance": 6739434000000.0,
        "Net Issuance Payments Of Debt": 0.0,
        "Net Long Term Debt Issuance": 0.0,
        "Long Term Debt Payments": 0.0,
        "Long Term Debt Issuance": 0.0,
        "Investing Cash Flow": -199689000000.0,
        "Dividends Received Cfi": 3750000000.0,
        "Net Investment Purchase And Sale": 1500000000.0,
        "Sale Of Investment": 1500000000.0,
        "Purchase Of Investment": 0.0,
        "Net Investment Properties Purchase And Sale": 0.0,
        "Sale Of Investment Properties": 0.0,
        "Purchase Of Investment Properties": 0.0,
        "Net Business Purchase And Sale": null,
        "Purchase Of Business": null,
        "Net PPE Purchase And Sale": -204939000000.0,
        "Sale Of PPE": 0.0,
        "Purchase Of PPE": -204939000000.0,
        "Operating Cash Flow": 17690349000000.0,
        "Cash Flowsfromusedin Operating Activities Direct": 17690349000000.0,
        "Classesof Cash Payments": -109536586000000.0,
        "Other Cash Paymentsfrom Operating Activities": -17737046000000.0,
        "Paymentson Behalfof Employees": -4298311000000.0,
        "Classesof Cash Receiptsfrom Operating Activities": 127226935000000.0,
        "Other Cash Receiptsfrom Operating Activities": 1543767000000.0
      }
    }
  },
  "metrics": {
    "symbol": "SHB.VN",
    "timestamp": "2026-01-09T18:25:39.622153",
    "pe_ratio": 6.9703784,
    "pb_ratio": 1.1525815,
    "dividend_yield": 2.67,
    "beta": 0.773,
    "eps": 2367.16,
    "roe": 0.19484,
    "roa": 0.015360001,
    "debt_to_equity": null,
    "current_ratio": null,
    "quick_ratio": null,
    "profit_margin": 0.55443,
    "operating_margin": 0.66882,
    "free_cashflow": null,
    "52_week_high": 19450.0,
    "52_week_low": 8012.437,
    "revenue": 21350859145216,
    "gross_profit": 21350859145216,
    "operating_income": -106596172562432
  },
  "dividends": {
    "symbol": "SHB.VN",
    "timestamp": "2026-01-09T18:25:39.799975",
    "total_records": 2,
    "dividends": [
      {
        "date": "2024-07-18T00:00:00+07:00",
        "amount": 500.0
      },
      {
        "date": "2025-06-09T00:00:00+07:00",
        "amount": 500.0
      }
    ]
  },
  "splits": {
    "symbol": "SHB.VN",
    "timestamp": "2026-01-09T18:25:39.840652",
    "total_records": 3,
    "splits": [
      {
        "date": "2023-07-24T00:00:00+07:00",
        "ratio": 1.18
      },
      {
        "date": "2025-02-26T00:00:00+07:00",
        "ratio": 1.11
      },
      {
        "date": "2025-08-18T00:00:00+07:00",
        "ratio": 1.13
      }
    ]
  }
}