{"serverDateTime":"2025-11-07T04:22:43.672172322","status":200,"code":0,"msg":"Successful","exception":null,"successful":true,"data":[{"ticker":"MBB","quarter":"Q4 2015","closingPrice":2738.35,"tradingTime":1451520000,"lengthReport":4,"yearReport":2015,"revenue":3.420705E12,"revenueGrowth":0.0191615159,"roa":null,"roe":null,"grossMargin":0.0,"isa3":0.0,"isa3Growth":null,"npatMi":4.4845E11,"npatMiGrowth":-0.1593876314,"npatMiMargin":0.1310987063,"cash":1.235658E12,"shortTermInvestment":0.0,"receivables":0.0,"inventory":0.0,"longTermInvestments":1.606122E12,"totalAsset":2.21041993E14,"otherAssets":1.8068703E13,"totalDebtsLiabilities":1.97858942E14,"totalDebts":0.0,"shortTermDebts":0.0,"longTermDebts":0.0,"totalEquity":2.2593349E13,"otherLiabilities":1.688326E13,"cfo":2.116581E12,"assetTurnover":null,"currentRatio":null,"quickRatio":null,"debtPerEquity":null,"casaRatio":0.4111631433,"balancesWithTheSBV":8.181894E12,"dueFromFIs":2.865895E13,"netCustomerLoans":1.19372248E14,"investmentSecurities":4.6760198E13,"bsb113":1.81565384E14,"llr":1.0137402967,"netInterestMargin":null,"totalEquityTotalAsset":null,"ldrLoanDepositRatio":null,"npl":null,"cir":null,"depositGrowth":0.0832706968,"loanGrowth":0.2066205566,"updateDate":"2016-02-05T08:55:15.14"},{"ticker":"MBB","quarter":"Q1 2016","closingPrice":2682.08,"tradingTime":1459382400,"lengthReport":1,"yearReport":2016,"revenue":3.471723E12,"revenueGrowth":-0.0327977915,"roa":0.0119476824,"roe":0.1199049252,"grossMargin":0.0,"isa3":0.0,"isa3Growth":null,"npatMi":7.05157E11,"npatMiGrowth":0.1375224631,"npatMiMargin":0.203114419,"cash":1.303429E12,"shortTermInvestment":0.0,"receivables":0.0,"inventory":0.0,"longTermInvestments":1.417084E12,"totalAsset":2.28770502E14,"otherAssets":1.5210905E13,"totalDebtsLiabilities":2.04772372E14,"totalDebts":0.0,"shortTermDebts":0.0,"longTermDebts":0.0,"totalEquity":2.34069E13,"otherLiabilities":2.4847698E13,"cfo":-5.414337E12,"assetTurnover":null,"currentRatio":0.0,"quickRatio":0.0,"debtPerEquity":0.0,"casaRatio":0.3712690268,"balancesWithTheSBV":7.17936E12,"dueFromFIs":3.1443729E13,"netCustomerLoans":1.22226493E14,"investmentSecurities":5.2710015E13,"bsb113":1.80515904E14,"llr":1.0756067967,"netInterestMargin":0.0358764255,"totalEquityTotalAsset":0.1023160757,"ldrLoanDepositRatio":0.6889305277,"npl":0.0159714009,"cir":0.4511457022,"depositGrowth":0.1109462898,"loanGrowth":0.2433790021,"updateDate":"2016-04-29T17:37:02.063"},{"ticker":"MBB","quarter":"Q2 2016","closingPrice":2794.62,"tradingTime":1467244800,"lengthReport":2,"yearReport":2016,"revenue":3.741095E12,"revenueGrowth":0.1012049661,"roa":null,"roe":null,"grossMargin":0.0,"isa3":0.0,"isa3Growth":null,"npatMi":7.99262E11,"npatMiGrowth":-0.0236542695,"npatMiMargin":0.2136438663,"cash":1.585783E12,"shortTermInvestment":0.0,"receivables":0.0,"inventory":0.0,"longTermInvestments":1.271337E12,"totalAsset":2.39121501E14,"otherAssets":1.4598238E13,"totalDebtsLiabilities":2.14499964E14,"totalDebts":0.0,"shortTermDebts":0.0,"longTermDebts":0.0,"totalEquity":2.4621537E13,"otherLiabilities":2.4009157E13,"cfo":-1.343701E12,"assetTurnover":null,"currentRatio":null,"quickRatio":null,"debtPerEquity":0.0,"casaRatio":0.3309469942,"balancesWithTheSBV":4.133283E12,"dueFromFIs":2.8565208E13,"netCustomerLoans":1.39478313E14,"investmentSecurities":5.2346459E13,"bsb113":1.90490807E14,"llr":1.0886938185,"netInterestMargin":0.0338767611,"totalEquityTotalAsset":0.1004942044,"ldrLoanDepositRatio":0.7429756125,"npl":0.013315634,"cir":0.4014696479,"depositGrowth":0.1132243024,"loanGrowth":0.2767948843,"updateDate":"2024-01-05T14:40:24.627"},{"ticker":"MBB","quarter":"Q3 2016","closingPrice":2794.62,"tradingTime":1475193600,"lengthReport":3,"yearReport":2016,"revenue":4.091465E12,"revenueGrowth":0.3070933783,"roa":0.0116713177,"roe":0.1144385624,"grossMargin":0.0,"isa3":0.0,"isa3Growth":null,"npatMi":7.57068E11,"npatMiGrowth":0.2553172086,"npatMiMargin":0.1850359223,"cash":1.422418E12,"shortTermInvestment":0.0,"receivables":0.0,"inventory":0.0,"longTermInvestments":1.578061E12,"totalAsset":2.39817004E14,"otherAssets":1.4982275E13,"totalDebtsLiabilities":2.14082766E14,"totalDebts":0.0,"shortTermDebts":0.0,"longTermDebts":0.0,"totalEquity":2.5734238E13,"otherLiabilities":2.7294122E13,"cfo":3.387416E12,"assetTurnover":null,"currentRatio":0.0,"quickRatio":0.0,"debtPerEquity":0.0,"casaRatio":0.3470746327,"balancesWithTheSBV":6.587729E12,"dueFromFIs":2.4932083E13,"netCustomerLoans":1.43303849E14,"investmentSecurities":5.0011068E13,"bsb113":1.86788644E14,"llr":1.1691990433,"netInterestMargin":0.0344859429,"totalEquityTotalAsset":0.1029557479,"ldrLoanDepositRatio":0.7794121628,"npl":0.0134033343,"cir":0.4222765492,"depositGrowth":0.0702647212,"loanGrowth":0.2804232707,"updateDate":"2016-10-31T15:52:46.893"},{"ticker":"MBB","quarter":"Q4 2016","closingPrice":2757.05,"tradingTime":1483056000,"lengthReport":4,"yearReport":2016,"revenue":4.248194E12,"revenueGrowth":0.2419059814,"roa":0.0122011313,"roe":0.1214635631,"grossMargin":0.0,"isa3":0.0,"isa3Growth":null,"npatMi":5.85778E11,"npatMiGrowth":0.3062281191,"npatMiMargin":0.1378887122,"cash":1.519952E12,"shortTermInvestment":0.0,"receivables":0.0,"inventory":0.0,"longTermInvestments":8.42259E11,"totalAsset":2.562585E14,"otherAssets":1.7329914E13,"totalDebtsLiabilities":2.29670054E14,"totalDebts":0.0,"shortTermDebts":0.0,"longTermDebts":0.0,"totalEquity":2.6588446E13,"otherLiabilities":3.4857657E13,"cfo":-1.38203E11,"assetTurnover":null,"currentRatio":0.0,"quickRatio":0.0,"debtPerEquity":0.0,"casaRatio":0.391546386,"balancesWithTheSBV":1.0002478E13,"dueFromFIs":2.6952799E13,"netCustomerLoans":1.48687389E14,"investmentSecurities":5.328592E13,"bsb113":1.94812397E14,"llr":1.0317613201,"netInterestMargin":0.0357857492,"totalEquityTotalAsset":0.0989311301,"ldrLoanDepositRatio":0.7737582634,"npl":0.0131831451,"cir":0.4235937876,"depositGrowth":0.0729600142,"loanGrowth":0.2421870935,"updateDate":"2017-02-02T11:26:37.72"},{"ticker":"MBB","quarter":"Q1 2017","closingPrice":3152.15,"tradingTime":1490918400,"lengthReport":1,"yearReport":2017,"revenue":4.455444E12,"revenueGrowth":0.2833523873,"roa":0.0123084576,"roe":0.1223297609,"grossMargin":0.0,"isa3":0.0,"isa3Growth":null,"npatMi":8.89659E11,"npatMiGrowth":0.2616466971,"npatMiMargin":0.1996790892,"cash":1.731185E12,"shortTermInvestment":0.0,"receivables":0.0,"inventory":0.0,"longTermInvestments":9.29109E11,"totalAsset":2.50066008E14,"otherAssets":1.7199656E13,"totalDebtsLiabilities":2.23758851E14,"totalDebts":0.0,"shortTermDebts":0.0,"longTermDebts":0.0,"totalEquity":2.6307157E13,"otherLiabilities":4.1348703E13,"cfo":-2.900967E12,"assetTurnover":null,"currentRatio":0.0,"quickRatio":0.0,"debtPerEquity":0.0,"casaRatio":0.3835497135,"balancesWithTheSBV":7.060582E12,"dueFromFIs":2.1418978E13,"netCustomerLoans":1.49349878E14,"investmentSecurities":5.5036914E13,"bsb113":1.82410148E14,"llr":1.0054547137,"netInterestMargin":0.037081558,"totalEquityTotalAsset":0.1002192749,"ldrLoanDepositRatio":0.8298944475,"npl":0.0133455899,"cir":0.4172064607,"depositGrowth":0.010493502,"loanGrowth":0.217253283,"updateDate":"2017-05-03T08:57:52.81"},{"ticker":"MBB","quarter":"Q2 2017","closingPrice":4579.34,"tradingTime":1498780800,"lengthReport":2,"yearReport":2017,"revenue":4.804146E12,"revenueGrowth":0.2841550402,"roa":0.0129394501,"roe":0.1248748619,"grossMargin":0.0,"isa3":0.0,"isa3Growth":null,"npatMi":1.074774E12,"npatMiGrowth":0.3447079931,"npatMiMargin":0.2237180136,"cash":1.937989E12,"shortTermInvestment":0.0,"receivables":0.0,"inventory":0.0,"longTermInvestments":1.074338E12,"totalAsset":2.7624475E14,"otherAssets":1.9162275E13,"totalDebtsLiabilities":2.48935607E14,"totalDebts":0.0,"shortTermDebts":0.0,"longTermDebts":0.0,"totalEquity":2.7309143E13,"otherLiabilities":4.5625698E13,"cfo":9.467836E12,"assetTurnover":null,"currentRatio":0.0,"quickRatio":0.0,"debtPerEquity":0.0,"casaRatio":0.3711836052,"balancesWithTheSBV":3.544632E12,"dueFromFIs":2.7860139E13,"netCustomerLoans":1.70396706E14,"investmentSecurities":5.5280998E13,"bsb113":2.03309909E14,"llr":1.0293281847,"netInterestMargin":0.0394540027,"totalEquityTotalAsset":0.098858505,"ldrLoanDepositRatio":0.8493337578,"npl":0.0128346657,"cir":0.3804851405,"depositGrowth":0.0672951215,"loanGrowth":0.2200801224,"updateDate":"2017-07-22T11:21:26.77"},{"ticker":"MBB","quarter":"Q3 2017","closingPrice":4689.62,"tradingTime":1506643200,"lengthReport":3,"yearReport":2017,"revenue":5.097069E12,"revenueGrowth":0.2457809122,"roa":0.0139407176,"roe":0.1378458362,"grossMargin":0.0,"isa3":0.0,"isa3Growth":null,"npatMi":1.194656E12,"npatMiGrowth":0.5780035611,"npatMiMargin":0.2343809746,"cash":2.052251E12,"shortTermInvestment":0.0,"receivables":0.0,"inventory":0.0,"longTermInvestments":1.470435E12,"totalAsset":2.9194272E14,"otherAssets":2.0909192E13,"totalDebtsLiabilities":2.634792E14,"totalDebts":0.0,"shortTermDebts":0.0,"longTermDebts":0.0,"totalEquity":2.846352E13,"otherLiabilities":5.190095E13,"cfo":1.3161404E13,"assetTurnover":null,"currentRatio":0.0,"quickRatio":0.0,"debtPerEquity":0.0,"casaRatio":0.3690109026,"balancesWithTheSBV":7.411959E12,"dueFromFIs":3.6696708E13,"netCustomerLoans":1.7420675E14,"investmentSecurities":5.2718111E13,"bsb113":2.1157825E14,"llr":0.8697826767,"netInterestMargin":0.040686513,"totalEquityTotalAsset":0.0974969336,"ldrLoanDepositRatio":0.8330017712,"npl":0.0132966396,"cir":0.4239432334,"depositGrowth":0.1327147383,"loanGrowth":0.2105961753,"updateDate":"2017-10-30T17:22:00.627"},{"ticker":"MBB","quarter":"Q4 2017","closingPrice":5476.62,"tradingTime":1514505600,"lengthReport":4,"yearReport":2017,"revenue":5.519367E12,"revenueGrowth":0.2992266832,"roa":0.0123466155,"roe":0.1252767771,"grossMargin":0.0,"isa3":0.0,"isa3Growth":null,"npatMi":2.98182E11,"npatMiGrowth":-0.4909641537,"npatMiMargin":0.0540246735,"cash":1.842032E12,"shortTermInvestment":0.0,"receivables":0.0,"inventory":0.0,"longTermInvestments":9.84562E11,"totalAsset":3.13877828E14,"otherAssets":2.0957215E13,"totalDebtsLiabilities":2.84276658E14,"totalDebts":0.0,"shortTermDebts":0.0,"longTermDebts":0.0,"totalEquity":2.960117E13,"otherLiabilities":6.4100636E13,"cfo":5.346025E12,"assetTurnover":null,"currentRatio":0.0,"quickRatio":0.0,"debtPerEquity":0.0,"casaRatio":0.396843322,"balancesWithTheSBV":6.683682E12,"dueFromFIs":5.3497402E13,"netCustomerLoans":1.82062458E14,"investmentSecurities":5.0677071E13,"bsb113":2.20176022E14,"llr":0.9732998717,"netInterestMargin":0.0418597935,"totalEquityTotalAsset":0.0943079356,"ldrLoanDepositRatio":0.836549504,"npl":0.0120401725,"cir":0.4326246571,"depositGrowth":0.1301951282,"loanGrowth":0.2219115693,"updateDate":"2018-01-31T09:41:40.67"},{"ticker":"MBB","quarter":"Q1 2018","closingPrice":7642.33,"tradingTime":1522368000,"lengthReport":1,"yearReport":2018,"revenue":5.616972E12,"revenueGrowth":0.260698597,"roa":0.0137398229,"roe":0.1414558591,"grossMargin":0.0,"isa3":0.0,"isa3Growth":null,"npatMi":1.548876E12,"npatMiGrowth":0.7409771609,"npatMiMargin":0.2757492827,"cash":2.048473E12,"shortTermInvestment":0.0,"receivables":0.0,"inventory":0.0,"longTermInvestments":1.238181E12,"totalAsset":3.16345493E14,"otherAssets":3.1261365E13,"totalDebtsLiabilities":2.85315862E14,"totalDebts":0.0,"shortTermDebts":0.0,"longTermDebts":0.0,"totalEquity":3.1029631E13,"otherLiabilities":5.8298007E13,"cfo":-1.0608607E13,"assetTurnover":null,"currentRatio":0.0,"quickRatio":0.0,"debtPerEquity":0.0,"casaRatio":0.4222474615,"balancesWithTheSBV":4.826686E12,"dueFromFIs":3.7657981E13,"netCustomerLoans":1.91261862E14,"investmentSecurities":5.1337599E13,"bsb113":2.27017855E14,"llr":0.9097066033,"netInterestMargin":0.0434264886,"totalEquityTotalAsset":0.0980877923,"ldrLoanDepositRatio":0.8534382637,"npl":0.014092693,"cir":0.3833301012,"depositGrowth":0.2445461916,"loanGrowth":0.2798535332,"updateDate":"2018-04-19T15:20:12.89"},{"ticker":"MBB","quarter":"Q2 2018","closingPrice":5770.29,"tradingTime":1530230400,"lengthReport":2,"yearReport":2018,"revenue":6.174345E12,"revenueGrowth":0.2852117733,"roa":null,"roe":null,"grossMargin":0.0,"isa3":0.0,"isa3Growth":null,"npatMi":1.449332E12,"npatMiGrowth":0.3484993124,"npatMiMargin":0.2347345346,"cash":1.946454E12,"shortTermInvestment":0.0,"receivables":0.0,"inventory":0.0,"longTermInvestments":1.201931E12,"totalAsset":3.33203019E14,"otherAssets":2.3011165E13,"totalDebtsLiabilities":3.01872094E14,"totalDebts":0.0,"shortTermDebts":0.0,"longTermDebts":0.0,"totalEquity":3.1330925E13,"otherLiabilities":6.7076022E13,"cfo":7.053483E12,"assetTurnover":null,"currentRatio":null,"quickRatio":null,"debtPerEquity":0.0,"casaRatio":0.3899842626,"balancesWithTheSBV":6.866616E12,"dueFromFIs":4.8793974E13,"netCustomerLoans":2.02027423E14,"investmentSecurities":5.2503841E13,"bsb113":2.34796072E14,"llr":1.0656718802,"netInterestMargin":0.0440756157,"totalEquityTotalAsset":0.0940295352,"ldrLoanDepositRatio":0.8723702882,"npl":0.0128352845,"cir":0.4022226235,"depositGrowth":0.154867823,"loanGrowth":0.1861913722,"updateDate":"2023-08-10T17:49:57.1"},{"ticker":"MBB","quarter":"Q3 2018","closingPrice":6053.72,"tradingTime":1538092800,"lengthReport":3,"yearReport":2018,"revenue":6.363929E12,"revenueGrowth":0.2485467629,"roa":0.0154747139,"roe":0.1616188715,"grossMargin":0.0,"isa3":0.0,"isa3Growth":null,"npatMi":1.761043E12,"npatMiGrowth":0.4741004942,"npatMiMargin":0.2767226033,"cash":1.919151E12,"shortTermInvestment":0.0,"receivables":0.0,"inventory":0.0,"longTermInvestments":7.65618E11,"totalAsset":3.43850297E14,"otherAssets":2.4212865E13,"totalDebtsLiabilities":3.10642655E14,"totalDebts":0.0,"shortTermDebts":0.0,"longTermDebts":0.0,"totalEquity":3.3207642E13,"otherLiabilities":7.8004217E13,"cfo":-4.33736E11,"assetTurnover":null,"currentRatio":0.0,"quickRatio":0.0,"debtPerEquity":0.0,"casaRatio":0.4126763996,"balancesWithTheSBV":8.988483E12,"dueFromFIs":4.4647498E13,"netCustomerLoans":2.01474976E14,"investmentSecurities":6.4526475E13,"bsb113":2.32638438E14,"llr":1.0595091874,"netInterestMargin":0.0448865187,"totalEquityTotalAsset":0.0965758712,"ldrLoanDepositRatio":0.8807008754,"npl":0.0157082214,"cir":0.4100889928,"depositGrowth":0.0995385301,"loanGrowth":0.1624999843,"updateDate":"2018-10-20T08:50:01.187"},{"ticker":"MBB","quarter":"Q4 2018","closingPrice":5097.18,"tradingTime":1545955200,"lengthReport":4,"yearReport":2018,"revenue":6.669119E12,"revenueGrowth":0.2083122938,"roa":0.0180795264,"roe":0.1916991663,"grossMargin":0.0,"isa3":0.0,"isa3Growth":null,"npatMi":1.38855E12,"npatMiGrowth":3.6567197215,"npatMiMargin":0.2082059115,"cash":1.736571E12,"shortTermInvestment":0.0,"receivables":0.0,"inventory":0.0,"longTermInvestments":4.97353E11,"totalAsset":3.62361094E14,"otherAssets":2.1442865E13,"totalDebtsLiabilities":3.28188236E14,"totalDebts":0.0,"shortTermDebts":0.0,"longTermDebts":0.0,"totalEquity":3.4172858E13,"otherLiabilities":8.8223918E13,"cfo":6.593512E12,"assetTurnover":null,"currentRatio":0.0,"quickRatio":0.0,"debtPerEquity":0.0,"casaRatio":0.4205193624,"balancesWithTheSBV":1.0548084E13,"dueFromFIs":4.5061628E13,"netCustomerLoans":2.11474953E14,"investmentSecurities":7.3833564E13,"bsb113":2.39964318E14,"llr":1.1320294743,"netInterestMargin":0.0456395141,"totalEquityTotalAsset":0.0943154686,"ldrLoanDepositRatio":0.8946578383,"npl":0.0133203309,"cir":0.4470490536,"depositGrowth":0.0898748911,"loanGrowth":0.165579693,"updateDate":"2019-01-19T21:46:23.527"},{"ticker":"MBB","quarter":"Q1 2019","closingPrice":5870.27,"tradingTime":1553817600,"lengthReport":1,"yearReport":2019,"revenue":7.179485E12,"revenueGrowth":0.2781771033,"roa":0.0183645675,"roe":0.1937518584,"grossMargin":0.0,"isa3":0.0,"isa3Growth":null,"npatMi":1.860629E12,"npatMiGrowth":0.201276926,"npatMiMargin":0.259159118,"cash":2.089571E12,"shortTermInvestment":0.0,"receivables":0.0,"inventory":0.0,"longTermInvestments":8.86122E11,"totalAsset":3.83219255E14,"otherAssets":2.5976443E13,"totalDebtsLiabilities":3.47087834E14,"totalDebts":0.0,"shortTermDebts":0.0,"longTermDebts":0.0,"totalEquity":3.6131421E13,"otherLiabilities":1.04835746E14,"cfo":-2.444678E12,"assetTurnover":null,"currentRatio":0.0,"quickRatio":0.0,"debtPerEquity":0.0,"casaRatio":0.3393209721,"balancesWithTheSBV":7.596756E12,"dueFromFIs":4.3249072E13,"netCustomerLoans":2.26050558E14,"investmentSecurities":8.0346426E13,"bsb113":2.42252088E14,"llr":0.9649140236,"netInterestMargin":0.0460266079,"totalEquityTotalAsset":0.0942839394,"ldrLoanDepositRatio":0.9459910661,"npl":0.0140993316,"cir":0.3787245012,"depositGrowth":0.0671058803,"loanGrowth":0.1828302905,"updateDate":"2019-04-22T09:26:54.873"},{"ticker":"MBB","quarter":"Q2 2019","closingPrice":5626.27,"tradingTime":1561680000,"lengthReport":2,"yearReport":2019,"revenue":7.716318E12,"revenueGrowth":0.2497387172,"roa":0.0185740488,"roe":0.1992749629,"grossMargin":0.0,"isa3":0.0,"isa3Growth":null,"npatMi":1.916482E12,"npatMiGrowth":0.3223209037,"npatMiMargin":0.2483674208,"cash":2.321206E12,"shortTermInvestment":0.0,"receivables":0.0,"inventory":0.0,"longTermInvestments":8.82652E11,"totalAsset":4.02264372E14,"otherAssets":2.5309647E13,"totalDebtsLiabilities":3.66738174E14,"totalDebts":0.0,"shortTermDebts":0.0,"longTermDebts":0.0,"totalEquity":3.5526198E13,"otherLiabilities":1.0772923E14,"cfo":7.299387E12,"assetTurnover":null,"currentRatio":0.0,"quickRatio":0.0,"debtPerEquity":0.0,"casaRatio":0.3299862649,"balancesWithTheSBV":3.426842E12,"dueFromFIs":5.2651532E13,"netCustomerLoans":2.35995611E14,"investmentSecurities":8.488074E13,"bsb113":2.59008944E14,"llr":0.9760391425,"netInterestMargin":0.0463714249,"totalEquityTotalAsset":0.0883155469,"ldrLoanDepositRatio":0.9224571102,"npl":0.0125601779,"cir":0.3746149911,"depositGrowth":0.1031229858,"loanGrowth":0.1664583898,"updateDate":"2023-08-10T17:49:57.1"},{"ticker":"MBB","quarter":"Q3 2019","closingPrice":6628.95,"tradingTime":1569801600,"lengthReport":3,"yearReport":2019,"revenue":8.048318E12,"revenueGrowth":0.2646775286,"roa":0.0190949969,"roe":0.2056060154,"grossMargin":0.0,"isa3":0.0,"isa3Growth":null,"npatMi":2.175682E12,"npatMiGrowth":0.2354508095,"npatMiMargin":0.2703275392,"cash":2.320396E12,"shortTermInvestment":0.0,"receivables":0.0,"inventory":0.0,"longTermInvestments":8.85826E11,"totalAsset":3.97441105E14,"otherAssets":2.757534E13,"totalDebtsLiabilities":3.59758135E14,"totalDebts":0.0,"shortTermDebts":0.0,"longTermDebts":0.0,"totalEquity":3.768297E13,"otherLiabilities":1.05628097E14,"cfo":-2.490589E12,"assetTurnover":null,"currentRatio":0.0,"quickRatio":0.0,"debtPerEquity":0.0,"casaRatio":0.3346190426,"balancesWithTheSBV":7.117589E12,"dueFromFIs":4.7469375E13,"netCustomerLoans":2.36407193E14,"investmentSecurities":7.8871608E13,"bsb113":2.54130038E14,"llr":1.0273448165,"netInterestMargin":0.0473644711,"totalEquityTotalAsset":0.0948139725,"ldrLoanDepositRatio":0.9452298827,"npl":0.0154150072,"cir":0.3612418882,"depositGrowth":0.092381982,"loanGrowth":0.172420877,"updateDate":"2019-10-23T15:31:29.33"},{"ticker":"MBB","quarter":"Q4 2019","closingPrice":6047.47,"tradingTime":1577750400,"lengthReport":4,"yearReport":2019,"revenue":8.252483E12,"revenueGrowth":0.2374172661,"roa":0.0202187781,"roe":0.2112587976,"grossMargin":0.0,"isa3":0.0,"isa3Growth":null,"npatMi":1.86998E12,"npatMiGrowth":0.3467141983,"npatMiMargin":0.2265960439,"cash":2.344291E12,"shortTermInvestment":0.0,"receivables":0.0,"inventory":0.0,"longTermInvestments":8.87017E11,"totalAsset":4.11487575E14,"otherAssets":2.4690322E13,"totalDebtsLiabilities":3.71601761E14,"totalDebts":0.0,"shortTermDebts":0.0,"longTermDebts":0.0,"totalEquity":3.9885814E13,"otherLiabilities":9.8892249E13,"cfo":-1.505363E12,"assetTurnover":null,"currentRatio":0.0,"quickRatio":0.0,"debtPerEquity":0.0,"casaRatio":0.3837732693,"balancesWithTheSBV":1.434718E13,"dueFromFIs":3.9691364E13,"netCustomerLoans":2.4712971E14,"investmentSecurities":8.5628999E13,"bsb113":2.72709512E14,"llr":1.1046628323,"netInterestMargin":0.0490446329,"totalEquityTotalAsset":0.0969307858,"ldrLoanDepositRatio":0.9179387296,"npl":0.0115752438,"cir":0.3944636625,"depositGrowth":0.1364585963,"loanGrowth":0.1660316554,"updateDate":"2020-01-22T17:56:06.763"},{"ticker":"MBB","quarter":"Q1 2020","closingPrice":3939.57,"tradingTime":1585612800,"lengthReport":1,"yearReport":2020,"revenue":8.080293E12,"revenueGrowth":0.1254697238,"roa":0.0190602703,"roe":0.196330698,"grossMargin":0.0,"isa3":0.0,"isa3Growth":null,"npatMi":1.712251E12,"npatMiGrowth":-0.0797461504,"npatMiMargin":0.2119045683,"cash":2.253056E12,"shortTermInvestment":0.0,"receivables":0.0,"inventory":0.0,"longTermInvestments":8.77305E11,"totalAsset":4.06802682E14,"otherAssets":2.6512028E13,"totalDebtsLiabilities":3.62818632E14,"totalDebts":0.0,"shortTermDebts":0.0,"longTermDebts":0.0,"totalEquity":4.398405E13,"otherLiabilities":1.22081507E14,"cfo":2.5647E10,"assetTurnover":null,"currentRatio":0.0,"quickRatio":0.0,"debtPerEquity":0.0,"casaRatio":0.3306818714,"balancesWithTheSBV":6.763149E12,"dueFromFIs":4.7792908E13,"netCustomerLoans":2.44072015E14,"investmentSecurities":8.1662582E13,"bsb113":2.40737125E14,"llr":0.9756259114,"netInterestMargin":0.0485952498,"totalEquityTotalAsset":0.1081213373,"ldrLoanDepositRatio":1.0300850274,"npl":0.0161518014,"cir":0.3234848588,"depositGrowth":-0.0062536633,"loanGrowth":0.082085507,"updateDate":"2020-04-24T16:00:02.723"},{"ticker":"MBB","quarter":"Q2 2020","closingPrice":4826.34,"tradingTime":1593475200,"lengthReport":2,"yearReport":2020,"revenue":7.791831E12,"revenueGrowth":0.0097861441,"roa":0.0196802813,"roe":0.1925520582,"grossMargin":0.0,"isa3":0.0,"isa3Growth":null,"npatMi":2.262584E12,"npatMiGrowth":0.1805923562,"npatMiMargin":0.2903789879,"cash":2.509108E12,"shortTermInvestment":0.0,"receivables":0.0,"inventory":0.0,"longTermInvestments":8.6687E11,"totalAsset":4.21635683E14,"otherAssets":2.8318164E13,"totalDebtsLiabilities":3.75837182E14,"totalDebts":0.0,"shortTermDebts":0.0,"longTermDebts":0.0,"totalEquity":4.5798501E13,"otherLiabilities":1.18458309E14,"cfo":-4.293431E12,"assetTurnover":null,"currentRatio":0.0,"quickRatio":0.0,"debtPerEquity":0.0,"casaRatio":0.3560685884,"balancesWithTheSBV":9.173365E12,"dueFromFIs":3.9202383E13,"netCustomerLoans":2.57054712E14,"investmentSecurities":8.7887059E13,"bsb113":2.57378873E14,"llr":1.2103135192,"netInterestMargin":0.048629762,"totalEquityTotalAsset":0.1086210272,"ldrLoanDepositRatio":1.0155632044,"npl":0.0136864306,"cir":0.3702343389,"depositGrowth":-0.0062934931,"loanGrowth":0.0940039956,"updateDate":"2023-08-10T17:49:57.1"},{"ticker":"MBB","quarter":"Q3 2020","closingPrice":5742.18,"tradingTime":1601424000,"lengthReport":3,"yearReport":2020,"revenue":8.159461E12,"revenueGrowth":0.0138094693,"roa":0.01967951,"roe":0.1843935534,"grossMargin":0.0,"isa3":0.0,"isa3Growth":null,"npatMi":2.357119E12,"npatMiGrowth":0.0833931613,"npatMiMargin":0.2888817043,"cash":2.545596E12,"shortTermInvestment":0.0,"receivables":0.0,"inventory":0.0,"longTermInvestments":8.85134E11,"totalAsset":4.27175325E14,"otherAssets":3.0802735E13,"totalDebtsLiabilities":3.78921331E14,"totalDebts":0.0,"shortTermDebts":0.0,"longTermDebts":0.0,"totalEquity":4.8253994E13,"otherLiabilities":1.09732003E14,"cfo":-1.1368623E13,"assetTurnover":null,"currentRatio":0.0,"quickRatio":0.0,"debtPerEquity":0.0,"casaRatio":0.3772909675,"balancesWithTheSBV":8.209927E12,"dueFromFIs":3.0609408E13,"netCustomerLoans":2.63844661E14,"investmentSecurities":9.3708594E13,"bsb113":2.69189328E14,"llr":1.1887542866,"netInterestMargin":0.0492624662,"totalEquityTotalAsset":0.1129606304,"ldrLoanDepositRatio":0.9979663533,"npl":0.0150218976,"cir":0.4211041658,"depositGrowth":0.0592582054,"loanGrowth":0.1183565689,"updateDate":"2020-10-16T15:56:09.197"},{"ticker":"MBB","quarter":"Q4 2020","closingPrice":7689.86,"tradingTime":1609372800,"lengthReport":4,"yearReport":2020,"revenue":8.735808E12,"revenueGrowth":0.0585672215,"roa":0.0182304134,"roe":0.1836446214,"grossMargin":0.0,"isa3":0.0,"isa3Growth":null,"npatMi":1.930705E12,"npatMiGrowth":0.0324736093,"npatMiMargin":0.2210104663,"cash":3.10923E12,"shortTermInvestment":0.0,"receivables":0.0,"inventory":0.0,"longTermInvestments":8.85231E11,"totalAsset":4.94982162E14,"otherAssets":3.6140444E13,"totalDebtsLiabilities":4.44882667E14,"totalDebts":0.0,"shortTermDebts":0.0,"longTermDebts":0.0,"totalEquity":5.0099495E13,"otherLiabilities":1.33922313E14,"cfo":3.0312278E13,"assetTurnover":null,"currentRatio":0.0,"quickRatio":0.0,"debtPerEquity":0.0,"casaRatio":0.4094173754,"balancesWithTheSBV":1.7296506E13,"dueFromFIs":4.7888802E13,"netCustomerLoans":2.93942764E14,"investmentSecurities":9.9713646E13,"bsb113":3.10960354E14,"llr":1.3406647441,"netInterestMargin":0.0475338377,"totalEquityTotalAsset":0.1012147484,"ldrLoanDepositRatio":0.9592765739,"npl":0.0108878272,"cir":0.3857682283,"depositGrowth":0.1402622216,"loanGrowth":0.1916120346,"updateDate":"2024-01-04T11:53:03.62"},{"ticker":"MBB","quarter":"Q1 2021","closingPrice":9411.72,"tradingTime":1617148800,"lengthReport":1,"yearReport":2021,"revenue":9.013087E12,"revenueGrowth":0.1154406158,"roa":0.0217888413,"roe":0.2042335505,"grossMargin":0.0,"isa3":0.0,"isa3Growth":null,"npatMi":3.552809E12,"npatMiGrowth":1.0749346912,"npatMiMargin":0.3941833691,"cash":2.771244E12,"shortTermInvestment":0.0,"receivables":0.0,"inventory":0.0,"longTermInvestments":8.82482E11,"totalAsset":5.10957496E14,"otherAssets":4.227653E13,"totalDebtsLiabilities":4.57233731E14,"totalDebts":0.0,"shortTermDebts":0.0,"longTermDebts":0.0,"totalEquity":5.3723765E13,"otherLiabilities":1.29307034E14,"cfo":-1.677861E13,"assetTurnover":null,"currentRatio":0.0,"quickRatio":0.0,"debtPerEquity":0.0,"casaRatio":0.3690171465,"balancesWithTheSBV":8.771043E12,"dueFromFIs":4.2550511E13,"netCustomerLoans":3.1867799E14,"investmentSecurities":9.8681422E13,"bsb113":3.27926697E14,"llr":1.2738129526,"netInterestMargin":0.0496182704,"totalEquityTotalAsset":0.1051433151,"ldrLoanDepositRatio":0.9880481765,"npl":0.0129126845,"cir":0.3050136497,"depositGrowth":0.3621775079,"loanGrowth":0.3065882592,"updateDate":"2021-04-27T09:18:09.023"},{"ticker":"MBB","quarter":"Q2 2021","closingPrice":14493.71,"tradingTime":1625011200,"lengthReport":2,"yearReport":2021,"revenue":9.635316E12,"revenueGrowth":0.2365920154,"roa":0.0213379577,"roe":0.2006933782,"grossMargin":0.0,"isa3":0.0,"isa3Growth":null,"npatMi":2.596026E12,"npatMiGrowth":0.1473722081,"npatMiMargin":0.269428216,"cash":3.029898E12,"shortTermInvestment":0.0,"receivables":0.0,"inventory":0.0,"longTermInvestments":8.7871E11,"totalAsset":5.23334486E14,"otherAssets":4.1123837E13,"totalDebtsLiabilities":4.67399715E14,"totalDebts":0.0,"shortTermDebts":0.0,"longTermDebts":0.0,"totalEquity":5.5934771E13,"otherLiabilities":1.23905386E14,"cfo":-1.798998E12,"assetTurnover":null,"currentRatio":0.0,"quickRatio":0.0,"debtPerEquity":null,"casaRatio":0.3979607593,"balancesWithTheSBV":1.4438519E13,"dueFromFIs":3.2592326E13,"netCustomerLoans":3.25160444E14,"investmentSecurities":1.1001936E14,"bsb113":3.43494329E14,"llr":2.3649593398,"netInterestMargin":null,"totalEquityTotalAsset":null,"ldrLoanDepositRatio":null,"npl":null,"cir":null,"depositGrowth":0.3345863435,"loanGrowth":0.2668959159,"updateDate":"2023-08-10T17:49:57.1"},{"ticker":"MBB","quarter":"Q3 2021","closingPrice":12571.1,"tradingTime":1632960000,"lengthReport":3,"yearReport":2021,"revenue":9.588708E12,"revenueGrowth":0.1751643889,"roa":0.0212995961,"roe":0.203137064,"grossMargin":0.0,"isa3":0.0,"isa3Growth":null,"npatMi":3.022176E12,"npatMiGrowth":0.2821482496,"npatMiMargin":0.3151807313,"cash":2.947002E12,"shortTermInvestment":0.0,"receivables":0.0,"inventory":0.0,"longTermInvestments":8.53646E11,"totalAsset":5.55594688E14,"otherAssets":4.2541879E13,"totalDebtsLiabilities":4.96747295E14,"totalDebts":0.0,"shortTermDebts":0.0,"longTermDebts":0.0,"totalEquity":5.8847393E13,"otherLiabilities":1.52797857E14,"cfo":1.585821E13,"assetTurnover":null,"currentRatio":0.0,"quickRatio":0.0,"debtPerEquity":0.0,"casaRatio":0.4171024492,"balancesWithTheSBV":1.375442E13,"dueFromFIs":5.045298E13,"netCustomerLoans":3.29008232E14,"investmentSecurities":1.19837177E14,"bsb113":3.43949438E14,"llr":2.3280370394,"netInterestMargin":0.0510283205,"totalEquityTotalAsset":0.1059178467,"ldrLoanDepositRatio":0.9781274508,"npl":0.009471439,"cir":0.3475464924,"depositGrowth":0.277723157,"loanGrowth":0.2523228767,"updateDate":"2023-08-10T17:49:57.1"},{"ticker":"MBB","quarter":"Q4 2021","closingPrice":13045.06,"tradingTime":1640908800,"lengthReport":4,"yearReport":2021,"revenue":1.0227821E13,"revenueGrowth":0.1707927876,"roa":0.0230411303,"roe":0.2255543204,"grossMargin":0.0,"isa3":0.0,"isa3Growth":null,"npatMi":3.526064E12,"npatMiGrowth":0.8263090426,"npatMiMargin":0.3447522204,"cash":3.475341E12,"shortTermInvestment":0.0,"receivables":0.0,"inventory":0.0,"longTermInvestments":8.03208E11,"totalAsset":6.07140419E14,"otherAssets":4.9502849E13,"totalDebtsLiabilities":5.44654396E14,"totalDebts":0.0,"shortTermDebts":0.0,"longTermDebts":0.0,"totalEquity":6.2486023E13,"otherLiabilities":1.59962241E14,"cfo":7.187696E12,"assetTurnover":null,"currentRatio":0.0,"quickRatio":0.0,"debtPerEquity":0.0,"casaRatio":0.487435404,"balancesWithTheSBV":3.8051039E13,"dueFromFIs":3.5983193E13,"netCustomerLoans":3.54797094E14,"investmentSecurities":1.28806244E14,"bsb113":3.84692155E14,"llr":2.6798011649,"netInterestMargin":0.0510283205,"totalEquityTotalAsset":0.1059178467,"ldrLoanDepositRatio":0.9781274508,"npl":0.009471439,"cir":0.3475464924,"depositGrowth":0.2371099725,"loanGrowth":0.218767868,"updateDate":"2023-08-10T17:49:57.1"},{"ticker":"MBB","quarter":"Q1 2022","closingPrice":14873.17,"tradingTime":1648684800,"lengthReport":1,"yearReport":2022,"revenue":1.166387E13,"revenueGrowth":0.2941037849,"roa":0.0234515352,"roe":0.224129297,"grossMargin":0.0,"isa3":0.0,"isa3Growth":null,"npatMi":4.546209E12,"npatMiGrowth":0.2796097398,"npatMiMargin":0.3897684902,"cash":3.157903E12,"shortTermInvestment":0.0,"receivables":0.0,"inventory":0.0,"longTermInvestments":7.84261E11,"totalAsset":6.49039794E14,"otherAssets":4.2318255E13,"totalDebtsLiabilities":5.81976246E14,"totalDebts":0.0,"shortTermDebts":0.0,"longTermDebts":0.0,"totalEquity":6.7063548E13,"otherLiabilities":1.91802739E14,"cfo":-8.855749E12,"assetTurnover":null,"currentRatio":0.0,"quickRatio":0.0,"debtPerEquity":0.0,"casaRatio":0.4474701149,"balancesWithTheSBV":1.6517561E13,"dueFromFIs":4.8938002E13,"netCustomerLoans":4.05221579E14,"investmentSecurities":1.36044397E14,"bsb113":3.90173507E14,"llr":2.5007358457,"netInterestMargin":0.05089312,"totalEquityTotalAsset":0.1029185688,"ldrLoanDepositRatio":0.9450537872,"npl":0.0089891131,"cir":0.3351118513,"depositGrowth":0.1898192815,"loanGrowth":0.2825309084,"updateDate":"2023-08-10T17:49:57.1"},{"ticker":"MBB","quarter":"Q2 2022","closingPrice":10923.54,"tradingTime":1656547200,"lengthReport":2,"yearReport":2022,"revenue":1.2480118E13,"revenueGrowth":0.2952474003,"roa":0.0254531778,"roe":0.2424592747,"grossMargin":0.0,"isa3":0.0,"isa3Growth":null,"npatMi":4.623202E12,"npatMiGrowth":0.7808766168,"npatMiMargin":0.3704453756,"cash":3.205723E12,"shortTermInvestment":0.0,"receivables":0.0,"inventory":0.0,"longTermInvestments":5.52165E11,"totalAsset":6.58274396E14,"otherAssets":5.0441741E13,"totalDebtsLiabilities":5.8736759E14,"totalDebts":0.0,"shortTermDebts":0.0,"longTermDebts":0.0,"totalEquity":7.0906806E13,"otherLiabilities":1.90457797E14,"cfo":1.0547728E13,"assetTurnover":null,"currentRatio":0.0,"quickRatio":0.0,"debtPerEquity":0.0,"casaRatio":0.4546138699,"balancesWithTheSBV":1.4222237E13,"dueFromFIs":5.7116354E13,"netCustomerLoans":4.04439406E14,"investmentSecurities":1.32054658E14,"bsb113":3.96909793E14,"llr":2.2142483617,"netInterestMargin":0.0534532969,"totalEquityTotalAsset":0.1077161841,"ldrLoanDepositRatio":1.0467288697,"npl":0.0119765577,"cir":0.3440203424,"depositGrowth":0.1555061015,"loanGrowth":0.2545998428,"updateDate":"2023-08-10T17:49:57.1"},{"ticker":"MBB","quarter":"Q3 2022","closingPrice":10833.7,"tradingTime":1664496000,"lengthReport":3,"yearReport":2022,"revenue":1.3038154E13,"revenueGrowth":0.3597404364,"roa":0.0273401771,"roe":0.2543677864,"grossMargin":0.0,"isa3":0.0,"isa3Growth":null,"npatMi":4.879193E12,"npatMiGrowth":0.6144635521,"npatMiMargin":0.3742242192,"cash":3.135579E12,"shortTermInvestment":0.0,"receivables":0.0,"inventory":0.0,"longTermInvestments":5.5208E11,"totalAsset":6.56804225E14,"otherAssets":4.6885556E13,"totalDebtsLiabilities":5.80894349E14,"totalDebts":0.0,"shortTermDebts":0.0,"longTermDebts":0.0,"totalEquity":7.5909876E13,"otherLiabilities":2.03749115E14,"cfo":-2.2193036E13,"assetTurnover":null,"currentRatio":0.0,"quickRatio":0.0,"debtPerEquity":0.0,"casaRatio":0.4241414197,"balancesWithTheSBV":1.2383244E13,"dueFromFIs":3.7194092E13,"netCustomerLoans":4.17061489E14,"investmentSecurities":1.43279844E14,"bsb113":3.77145234E14,"llr":2.0772643252,"netInterestMargin":0.0554448173,"totalEquityTotalAsset":0.1155745854,"ldrLoanDepositRatio":1.1301551752,"npl":0.0103582237,"cir":0.3394040733,"depositGrowth":0.0965135928,"loanGrowth":0.2669417575,"updateDate":"2023-08-10T17:49:57.1"},{"ticker":"MBB","quarter":"Q4 2022","closingPrice":9262.81,"tradingTime":1672358400,"lengthReport":4,"yearReport":2022,"revenue":1.530367E13,"revenueGrowth":0.4962786306,"roa":0.0261781704,"roe":0.2460637334,"grossMargin":0.0,"isa3":0.0,"isa3Growth":null,"npatMi":3.434131E12,"npatMiGrowth":-0.0260724139,"npatMiMargin":0.2243991801,"cash":3.7441E12,"shortTermInvestment":0.0,"receivables":0.0,"inventory":0.0,"longTermInvestments":6.25267E11,"totalAsset":7.28532373E14,"otherAssets":4.7761972E13,"totalDebtsLiabilities":6.48919154E14,"totalDebts":0.0,"shortTermDebts":0.0,"longTermDebts":0.0,"totalEquity":7.9613219E13,"otherLiabilities":2.05313516E14,"cfo":2.2377386E13,"assetTurnover":null,"currentRatio":0.0,"quickRatio":0.0,"debtPerEquity":0.0,"casaRatio":0.4061117636,"balancesWithTheSBV":3.9654541E13,"dueFromFIs":3.293721E13,"netCustomerLoans":4.48598622E14,"investmentSecurities":1.59580028E14,"bsb113":4.43605638E14,"llr":2.380274339,"netInterestMargin":0.0572185439,"totalEquityTotalAsset":0.1092789037,"ldrLoanDepositRatio":1.0382520927,"npl":0.010923953,"cir":0.3249566788,"depositGrowth":0.1531444877,"loanGrowth":0.2668640598,"updateDate":"2023-08-10T17:49:57.1"},{"ticker":"MBB","quarter":"Q1 2023","closingPrice":9885.75,"tradingTime":1680220800,"lengthReport":1,"yearReport":2023,"revenue":1.7383068E13,"revenueGrowth":0.4903345116,"roa":0.025617408,"roe":0.2308526861,"grossMargin":0.0,"isa3":0.0,"isa3Growth":null,"npatMi":5.023662E12,"npatMiGrowth":0.1050222284,"npatMiMargin":0.2889974313,"cash":2.965368E12,"shortTermInvestment":0.0,"receivables":0.0,"inventory":0.0,"longTermInvestments":6.99228E11,"totalAsset":7.60761405E14,"otherAssets":4.698603E13,"totalDebtsLiabilities":6.75993922E14,"totalDebts":0.0,"shortTermDebts":0.0,"longTermDebts":0.0,"totalEquity":8.4767483E13,"otherLiabilities":2.23579211E14,"cfo":-2.176536E13,"assetTurnover":null,"currentRatio":0.0,"quickRatio":0.0,"debtPerEquity":0.0,"casaRatio":0.3554648138,"balancesWithTheSBV":1.9077374E13,"dueFromFIs":3.2264103E13,"netCustomerLoans":4.69698929E14,"investmentSecurities":1.92734969E14,"bsb113":4.52414711E14,"llr":1.3825803712,"netInterestMargin":0.0570221479,"totalEquityTotalAsset":0.1114245313,"ldrLoanDepositRatio":1.0640376104,"npl":0.0175602849,"cir":0.2990769186,"depositGrowth":0.1595218611,"loanGrowth":0.1584331091,"updateDate":"2023-08-10T17:49:57.1"},{"ticker":"MBB","quarter":"Q2 2023","closingPrice":11218.0,"tradingTime":1688083200,"lengthReport":2,"yearReport":2023,"revenue":1.7440908E13,"revenueGrowth":0.3974954403,"roa":0.0246997409,"roe":0.2234403437,"grossMargin":0.0,"isa3":0.0,"isa3Growth":null,"npatMi":4.893495E12,"npatMiGrowth":0.0584644582,"npatMiMargin":0.2805757017,"cash":3.168566E12,"shortTermInvestment":0.0,"receivables":0.0,"inventory":0.0,"longTermInvestments":6.76292E11,"totalAsset":8.06237587E14,"otherAssets":6.6771061E13,"totalDebtsLiabilities":7.20168463E14,"totalDebts":0.0,"shortTermDebts":0.0,"longTermDebts":0.0,"totalEquity":8.6069124E13,"otherLiabilities":2.44762338E14,"cfo":-1.889313E12,"assetTurnover":null,"currentRatio":0.0,"quickRatio":0.0,"debtPerEquity":0.0,"casaRatio":0.3705777245,"balancesWithTheSBV":2.7503661E13,"dueFromFIs":2.1618233E13,"netCustomerLoans":5.06395409E14,"investmentSecurities":1.83949223E14,"bsb113":4.75406125E14,"llr":1.5609525727,"netInterestMargin":0.0550512501,"totalEquityTotalAsset":0.1067540454,"ldrLoanDepositRatio":1.0897447482,"npl":0.0144381586,"cir":0.3576876584,"depositGrowth":0.1977686955,"loanGrowth":0.2469916359,"updateDate":"2023-08-15T10:05:24.923"},{"ticker":"MBB","quarter":"Q3 2023","closingPrice":11814.52,"tradingTime":1695945600,"lengthReport":3,"yearReport":2023,"revenue":1.7322406E13,"revenueGrowth":0.3285934497,"roa":0.0245863339,"roe":0.2235398773,"grossMargin":0.0,"isa3":0.0,"isa3Growth":null,"npatMi":5.773265E12,"npatMiGrowth":0.1832417779,"npatMiMargin":0.3332830901,"cash":3.411516E12,"shortTermInvestment":0.0,"receivables":0.0,"inventory":0.0,"longTermInvestments":6.61349E11,"totalAsset":8.15880535E14,"otherAssets":7.8345498E13,"totalDebtsLiabilities":7.2411754E14,"totalDebts":0.0,"shortTermDebts":0.0,"longTermDebts":0.0,"totalEquity":9.1762995E13,"otherLiabilities":2.44384972E14,"cfo":1.4594737E13,"assetTurnover":null,"currentRatio":0.0,"quickRatio":0.0,"debtPerEquity":0.0,"casaRatio":0.3595384606,"balancesWithTheSBV":2.1634416E13,"dueFromFIs":3.6980878E13,"netCustomerLoans":5.23969217E14,"investmentSecurities":1.54950526E14,"bsb113":4.79732568E14,"llr":1.2197412668,"netInterestMargin":0.0536444272,"totalEquityTotalAsset":0.1124711169,"ldrLoanDepositRatio":1.1179182169,"npl":0.0188528184,"cir":0.2763296768,"depositGrowth":0.2720101562,"loanGrowth":0.2582372376,"updateDate":"2023-10-30T16:22:16.69"},{"ticker":"MBB","quarter":"Q4 2023","closingPrice":11910.32,"tradingTime":1703808000,"lengthReport":4,"yearReport":2023,"revenue":1.6996661E13,"revenueGrowth":0.1106264706,"roa":0.0247110377,"roe":0.2345312456,"grossMargin":0.0,"isa3":0.0,"isa3Growth":null,"npatMi":4.986366E12,"npatMiGrowth":0.4520022678,"npatMiMargin":0.293373269,"cash":3.675394E12,"shortTermInvestment":0.0,"receivables":0.0,"inventory":0.0,"longTermInvestments":6.15785E11,"totalAsset":9.4495364E14,"otherAssets":8.4785703E13,"totalDebtsLiabilities":8.48242481E14,"totalDebts":0.0,"shortTermDebts":0.0,"longTermDebts":0.0,"totalEquity":9.6711159E13,"otherLiabilities":2.80709904E14,"cfo":5.0354548E13,"assetTurnover":null,"currentRatio":0.0,"quickRatio":0.0,"debtPerEquity":0.0,"casaRatio":0.4019348919,"balancesWithTheSBV":6.6321652E13,"dueFromFIs":4.6343813E13,"netCustomerLoans":5.99579267E14,"investmentSecurities":1.47923205E14,"bsb113":5.67532577E14,"llr":1.1698075547,"netInterestMargin":0.0494557013,"totalEquityTotalAsset":0.1023448716,"ldrLoanDepositRatio":1.0766762205,"npl":0.0160456211,"cir":0.3152437631,"depositGrowth":0.2793628583,"loanGrowth":0.3267101281,"updateDate":"2024-01-30T17:39:36.203"},{"ticker":"MBB","quarter":"Q1 2024","closingPrice":16221.02,"tradingTime":1711670400,"lengthReport":1,"yearReport":2024,"revenue":1.6260267E13,"revenueGrowth":-0.0645916475,"roa":0.0232842679,"roe":0.2148086782,"grossMargin":0.0,"isa3":0.0,"isa3Growth":null,"npatMi":4.532698E12,"npatMiGrowth":-0.0977303011,"npatMiMargin":0.2787591372,"cash":3.740794E12,"shortTermInvestment":0.0,"receivables":0.0,"inventory":0.0,"longTermInvestments":5.91703E11,"totalAsset":9.00647141E14,"otherAssets":6.84023E13,"totalDebtsLiabilities":7.99305717E14,"totalDebts":0.0,"shortTermDebts":0.0,"longTermDebts":0.0,"totalEquity":1.01341424E14,"otherLiabilities":2.40479655E14,"cfo":-2.58868E13,"assetTurnover":null,"currentRatio":0.0,"quickRatio":0.0,"debtPerEquity":0.0,"casaRatio":0.3664625685,"balancesWithTheSBV":1.1915805E13,"dueFromFIs":7.7809357E13,"netCustomerLoans":6.03072394E14,"investmentSecurities":1.39447285E14,"bsb113":5.58826062E14,"llr":0.800575138,"netInterestMargin":0.0466488699,"totalEquityTotalAsset":0.1125206747,"ldrLoanDepositRatio":1.1010880949,"npl":0.0248561698,"cir":0.2924507215,"depositGrowth":0.2352075395,"loanGrowth":0.2782182727,"updateDate":"2024-04-21T12:49:24.97"},{"ticker":"MBB","quarter":"Q2 2024","closingPrice":14490.42,"tradingTime":1719532800,"lengthReport":2,"yearReport":2024,"revenue":1.695293E13,"revenueGrowth":-0.0279789332,"roa":0.0233628213,"roe":0.2164211217,"grossMargin":0.0,"isa3":0.0,"isa3Growth":null,"npatMi":6.026749E12,"npatMiGrowth":0.2315837658,"npatMiMargin":0.3554989609,"cash":4.329237E12,"shortTermInvestment":0.0,"receivables":0.0,"inventory":0.0,"longTermInvestments":5.82763E11,"totalAsset":9.88604894E14,"otherAssets":5.0693043E13,"totalDebtsLiabilities":8.84390946E14,"totalDebts":0.0,"shortTermDebts":0.0,"longTermDebts":0.0,"totalEquity":1.04213948E14,"otherLiabilities":2.65773308E14,"cfo":1.2386261E13,"assetTurnover":null,"currentRatio":0.0,"quickRatio":0.0,"debtPerEquity":0.0,"casaRatio":0.3863554162,"balancesWithTheSBV":1.8087252E13,"dueFromFIs":9.0063801E13,"netCustomerLoans":6.62584515E14,"investmentSecurities":1.67176283E14,"bsb113":6.18617638E14,"llr":1.0173723275,"netInterestMargin":0.0451740302,"totalEquityTotalAsset":0.105415165,"ldrLoanDepositRatio":1.0892011763,"npl":0.0163595479,"cir":0.3178162065,"depositGrowth":0.3012403616,"loanGrowth":0.3005912943,"updateDate":"2024-08-28T09:57:20.86"},{"ticker":"MBB","quarter":"Q3 2024","closingPrice":16774.95,"tradingTime":1727654400,"lengthReport":3,"yearReport":2024,"revenue":1.739662E13,"revenueGrowth":0.0042842778,"roa":0.0220924997,"roe":0.2069997625,"grossMargin":0.0,"isa3":0.0,"isa3Growth":null,"npatMi":5.790156E12,"npatMiGrowth":0.0029257275,"npatMiMargin":0.3328322398,"cash":3.782282E12,"shortTermInvestment":0.0,"receivables":0.0,"inventory":0.0,"longTermInvestments":5.78426E11,"totalAsset":1.028819208E15,"otherAssets":5.2298019E13,"totalDebtsLiabilities":9.1879601E14,"totalDebts":0.0,"shortTermDebts":0.0,"longTermDebts":0.0,"totalEquity":1.10023198E14,"otherLiabilities":2.91228657E14,"cfo":-2.0490106E13,"assetTurnover":null,"currentRatio":0.0,"quickRatio":0.0,"debtPerEquity":0.0,"casaRatio":0.3653969186,"balancesWithTheSBV":1.0684041E13,"dueFromFIs":7.7398096E13,"netCustomerLoans":6.91232888E14,"investmentSecurities":1.97206164E14,"bsb113":6.27567353E14,"llr":0.687719685,"netInterestMargin":0.0428997998,"totalEquityTotalAsset":0.1069412363,"ldrLoanDepositRatio":1.1186361777,"npl":0.0223422141,"cir":0.2956524306,"depositGrowth":0.3081608272,"loanGrowth":0.3090009676,"updateDate":"2024-10-29T10:08:19.517"},{"ticker":"MBB","quarter":"Q4 2024","closingPrice":16383.32,"tradingTime":1735603200,"lengthReport":4,"yearReport":2024,"revenue":1.8452076E13,"revenueGrowth":0.0856294657,"roa":0.0218287698,"roe":0.2117572966,"grossMargin":0.0,"isa3":0.0,"isa3Growth":null,"npatMi":6.284154E12,"npatMiGrowth":0.2602672969,"npatMiMargin":0.3405662322,"cash":3.349166E12,"shortTermInvestment":0.0,"receivables":0.0,"inventory":0.0,"longTermInvestments":6.09477E11,"totalAsset":1.128801062E15,"otherAssets":4.7504825E13,"totalDebtsLiabilities":1.011741481E15,"totalDebts":0.0,"shortTermDebts":0.0,"longTermDebts":0.0,"totalEquity":1.17059581E14,"otherLiabilities":2.97587002E14,"cfo":1.5414261E13,"assetTurnover":null,"currentRatio":0.0,"quickRatio":0.0,"debtPerEquity":0.0,"casaRatio":0.3930210077,"balancesWithTheSBV":2.9825253E13,"dueFromFIs":7.6785622E13,"netCustomerLoans":7.65047985E14,"investmentSecurities":2.09637377E14,"bsb113":7.14154479E14,"llr":0.922484107,"netInterestMargin":0.0418949409,"totalEquityTotalAsset":0.1037025787,"ldrLoanDepositRatio":1.0875207939,"npl":0.0162046029,"cir":0.3069168221,"depositGrowth":0.2583497546,"loanGrowth":0.2710241929,"updateDate":"2025-03-31T09:41:23.423"},{"ticker":"MBB","quarter":"Q1 2025","closingPrice":18089.46,"tradingTime":1743379200,"lengthReport":1,"yearReport":2025,"revenue":1.9590312E13,"revenueGrowth":0.2047964526,"roa":0.0229309625,"roe":0.2168813014,"grossMargin":0.0,"isa3":0.0,"isa3Growth":null,"npatMi":6.56774E12,"npatMiGrowth":0.4489692452,"npatMiMargin":0.335254487,"cash":4.223983E12,"shortTermInvestment":0.0,"receivables":0.0,"inventory":0.0,"longTermInvestments":6.96628E11,"totalAsset":1.156917195E15,"otherAssets":5.0334871E13,"totalDebtsLiabilities":1.033240647E15,"totalDebts":0.0,"shortTermDebts":0.0,"longTermDebts":0.0,"totalEquity":1.23676548E14,"otherLiabilities":3.10618197E14,"cfo":-2.6075011E13,"assetTurnover":null,"currentRatio":0.0,"quickRatio":0.0,"debtPerEquity":0.0,"casaRatio":0.3589715183,"balancesWithTheSBV":1.5521984E13,"dueFromFIs":6.4338554E13,"netCustomerLoans":7.86486979E14,"investmentSecurities":2.40234807E14,"bsb113":7.2262245E14,"llr":0.7525932053,"netInterestMargin":0.042230433,"totalEquityTotalAsset":0.106901815,"ldrLoanDepositRatio":1.1036699939,"npl":0.0184094547,"cir":0.2577847751,"depositGrowth":0.2931079975,"loanGrowth":0.2961401566,"updateDate":"2025-04-25T09:06:14.49"},{"ticker":"MBB","quarter":"Q2 2025","closingPrice":19365.48,"tradingTime":1751241600,"lengthReport":2,"yearReport":2025,"revenue":2.1099126E13,"revenueGrowth":0.2445710564,"roa":0.0213020737,"roe":0.2049440193,"grossMargin":0.0,"isa3":0.0,"isa3Growth":null,"npatMi":5.877605E12,"npatMiGrowth":-0.0247470071,"npatMiMargin":0.2785710176,"cash":5.262525E12,"shortTermInvestment":0.0,"receivables":0.0,"inventory":0.0,"longTermInvestments":5.82898E11,"totalAsset":1.289644328E15,"otherAssets":4.849699E13,"totalDebtsLiabilities":1.161840678E15,"totalDebts":0.0,"shortTermDebts":0.0,"longTermDebts":0.0,"totalEquity":1.2780365E14,"otherLiabilities":3.7854877E14,"cfo":2.7591549E13,"assetTurnover":null,"currentRatio":0.0,"quickRatio":0.0,"debtPerEquity":0.0,"casaRatio":0.3790188051,"balancesWithTheSBV":1.5251535E13,"dueFromFIs":9.6081337E13,"netCustomerLoans":8.67340209E14,"investmentSecurities":2.62474257E14,"bsb113":7.83291908E14,"llr":0.8888634511,"netInterestMargin":0.0409953384,"totalEquityTotalAsset":0.0990999202,"ldrLoanDepositRatio":1.1233213365,"npl":0.0160443577,"cir":0.2874036034,"depositGrowth":0.2661971788,"loanGrowth":0.3058618905,"updateDate":"2025-08-15T14:02:52.6"},{"ticker":"MBB","quarter":"Q3 2025","closingPrice":26200.0,"tradingTime":1759190400,"lengthReport":3,"yearReport":2025,"revenue":2.2265897E13,"revenueGrowth":0.2798978767,"roa":0.0198212929,"roe":0.1937722833,"grossMargin":0.0,"isa3":0.0,"isa3Growth":null,"npatMi":5.571024E12,"npatMiGrowth":-0.0378456124,"npatMiMargin":0.2502043372,"cash":4.421466E12,"shortTermInvestment":0.0,"receivables":0.0,"inventory":0.0,"longTermInvestments":1.112379E12,"totalAsset":1.328560306E15,"otherAssets":4.942542E13,"totalDebtsLiabilities":1.195469561E15,"totalDebts":0.0,"shortTermDebts":0.0,"longTermDebts":0.0,"totalEquity":1.33090745E14,"otherLiabilities":4.07439233E14,"cfo":1.0405047E13,"assetTurnover":null,"currentRatio":0.0,"quickRatio":0.0,"debtPerEquity":0.0,"casaRatio":0.3695636509,"balancesWithTheSBV":1.7507511E13,"dueFromFIs":1.08324759E14,"netCustomerLoans":9.17699001E14,"investmentSecurities":2.35603615E14,"bsb113":7.88030328E14,"llr":0.792073829,"netInterestMargin":0.0405257919,"totalEquityTotalAsset":0.1001766682,"ldrLoanDepositRatio":1.182059323,"npl":0.01870331,"cir":0.2914249648,"depositGrowth":0.2556904438,"loanGrowth":0.326884134,"updateDate":"2025-10-27T09:11:05.57"}]}