{
  "symbol": "PDR.VN",
  "timestamp": "2026-01-09T18:25:31.898576",
  "quarterly": {
    "symbol": "PDR.VN",
    "timestamp": "2026-01-09T18:25:32.192401",
    "quarterly_financials": {
      "2025-06-30 00:00:00": {
        "Tax Effect Of Unusual Items": 49748646057.35594,
        "Tax Rate For Calcs": 0.357351,
        "Normalized EBITDA": 36534034357.0,
        "Total Unusual Items": 139214899890.0,
        "Total Unusual Items Excluding Goodwill": 139214899890.0,
        "Net Income From Continuing Operation Net Minority Interest": 64922871675.0,
        "Reconciled Depreciation": -234884602.0,
        "Reconciled Cost Of Revenue": 14973704752.0,
        "EBITDA": 175748934247.0,
        "EBIT": 173085942401.0,
        "Net Interest Income": -70322892072.0,
        "Interest Expense": 72105977747.0,
        "Interest Income": 2083085675.0,
        "Normalized Income": -24543382157.64406,
        "Net Income From Continuing And Discontinued Operation": 64922871675.0,
        "Total Expenses": 56332042791.0,
        "Rent Expense Supplemental": 894174208.0,
        "Total Operating Income As Reported": 100979964654.0,
        "Diluted Average Shares": 1001667163.0,
        "Basic Average Shares": 1001667163.0,
        "Diluted EPS": 64.814815,
        "Basic EPS": 64.814815,
        "Diluted NI Availto Com Stockholders": 64922871675.0,
        "Net Income Common Stockholders": 64922871675.0,
        "Otherunder Preferred Stock Dividend": 0.0,
        "Net Income": 64922871675.0,
        "Minority Interests": 28243608.0,
        "Net Income Including Noncontrolling Interests": 64894628067.0,
        "Net Income Continuous Operations": 64894628067.0,
        "Tax Provision": 36085336587.0,
        "Pretax Income": 100979964654.0,
        "Other Non Operating Income Expenses": -1540732011.0,
        "Special Income Charges": null,
        "Net Non Operating Interest Income Expense": -70322892072.0,
        "Total Other Finance Cost": 300000000.0,
        "Interest Expense Non Operating": 72105977747.0,
        "Interest Income Non Operating": 2083085675.0,
        "Operating Income": -36405239880.0,
        "Operating Expense": 41358338039.0,
        "Depreciation And Amortization In Income Statement": 2662991846.0,
        "Depreciation Income Statement": 2662991846.0,
        "Selling General And Administration": 12694573062.0,
        "Selling And Marketing Expense": 96463996.0,
        "General And Administrative Expense": 12598109066.0,
        "Gross Profit": 4953098159.0,
        "Cost Of Revenue": 14973704752.0,
        "Total Revenue": 19926802911.0,
        "Operating Revenue": 19926802911.0
      },
      "2025-03-31 00:00:00": {
        "Tax Effect Of Unusual Items": 0.0,
        "Tax Rate For Calcs": 0.21164,
        "Normalized EBITDA": 137306480862.0,
        "Total Unusual Items": null,
        "Total Unusual Items Excluding Goodwill": null,
        "Net Income From Continuing Operation Net Minority Interest": 50606725470.0,
        "Reconciled Depreciation": 3380878711.0,
        "Reconciled Cost Of Revenue": 262948486216.0,
        "EBITDA": 137306480862.0,
        "EBIT": 133925602151.0,
        "Net Interest Income": -68024514691.0,
        "Interest Expense": 69718517887.0,
        "Interest Income": 1880043903.0,
        "Normalized Income": 50606725470.0,
        "Net Income From Continuing And Discontinued Operation": 50606725470.0,
        "Total Expenses": 305316191211.0,
        "Rent Expense Supplemental": 960157133.0,
        "Total Operating Income As Reported": 64585606145.0,
        "Diluted Average Shares": 975986848.0,
        "Basic Average Shares": 975986848.0,
        "Diluted EPS": 51.851852,
        "Basic EPS": 51.851852,
        "Diluted NI Availto Com Stockholders": 50606725470.0,
        "Net Income Common Stockholders": 50606725470.0,
        "Otherunder Preferred Stock Dividend": 0.0,
        "Net Income": 50606725470.0,
        "Minority Interests": -11600756.0,
        "Net Income Including Noncontrolling Interests": 50618326226.0,
        "Net Income Continuous Operations": 50618326226.0,
        "Tax Provision": 13588758038.0,
        "Pretax Income": 64207084264.0,
        "Other Non Operating Income Expenses": -378521881.0,
        "Special Income Charges": null,
        "Net Non Operating Interest Income Expense": -68024514691.0,
        "Total Other Finance Cost": 186040707.0,
        "Interest Expense Non Operating": 69718517887.0,
        "Interest Income Non Operating": 1880043903.0,
        "Operating Income": 132627443446.0,
        "Operating Expense": 42367704995.0,
        "Depreciation And Amortization In Income Statement": 2748747328.0,
        "Depreciation Income Statement": 2748747328.0,
        "Selling General And Administration": 12208919197.0,
        "Selling And Marketing Expense": 2520369518.0,
        "General And Administrative Expense": 9688549679.0,
        "Gross Profit": 174995148441.0,
        "Cost Of Revenue": 262948486216.0,
        "Total Revenue": 437943634657.0,
        "Operating Revenue": 437943634657.0
      },
      "2024-12-31 00:00:00": {
        "Tax Effect Of Unusual Items": 0.0,
        "Tax Rate For Calcs": 0.175528,
        "Normalized EBITDA": 579549736788.0,
        "Total Unusual Items": 0.0,
        "Total Unusual Items Excluding Goodwill": 0.0,
        "Net Income From Continuing Operation Net Minority Interest": 369151082766.0,
        "Reconciled Depreciation": 4367030076.0,
        "Reconciled Cost Of Revenue": 1146847062214.0,
        "EBITDA": 579549736788.0,
        "EBIT": 575182706712.0,
        "Net Interest Income": -123701029907.0,
        "Interest Expense": 127432540042.0,
        "Interest Income": 3731510135.0,
        "Normalized Income": 369151082766.0,
        "Net Income From Continuing And Discontinued Operation": 369151082766.0,
        "Total Expenses": 1214759197813.0,
        "Rent Expense Supplemental": null,
        "Total Operating Income As Reported": 454813801903.0,
        "Diluted Average Shares": 935875984.0,
        "Basic Average Shares": 935875984.0,
        "Diluted EPS": 394.444444,
        "Basic EPS": 394.444444,
        "Diluted NI Availto Com Stockholders": 369151082766.0,
        "Net Income Common Stockholders": 369151082766.0,
        "Otherunder Preferred Stock Dividend": 0.0,
        "Net Income": 369151082766.0,
        "Minority Interests": -6189081.0,
        "Net Income Including Noncontrolling Interests": 369157271847.0,
        "Net Income Continuous Operations": 369157271847.0,
        "Tax Provision": 78592894823.0,
        "Pretax Income": 447750166670.0,
        "Other Non Operating Income Expenses": -7063635233.0,
        "Special Income Charges": 0.0,
        "Net Non Operating Interest Income Expense": -123701029907.0,
        "Total Other Finance Cost": null,
        "Interest Expense Non Operating": 127432540042.0,
        "Interest Income Non Operating": 3731510135.0,
        "Operating Income": 629246701572.0,
        "Operating Expense": 67912135599.0,
        "Depreciation And Amortization In Income Statement": 3638117737.0,
        "Depreciation Income Statement": 3638117737.0,
        "Selling General And Administration": 35408747083.0,
        "Selling And Marketing Expense": 2400879863.0,
        "General And Administrative Expense": 33007867220.0,
        "Gross Profit": 697158837171.0,
        "Cost Of Revenue": 1146847062214.0,
        "Total Revenue": 1844005899385.0,
        "Operating Revenue": 1844005899385.0
      },
      "2024-09-30 00:00:00": {
        "Tax Effect Of Unusual Items": 67504589343.55368,
        "Tax Rate For Calcs": 0.349664,
        "Normalized EBITDA": -36266402996.0,
        "Total Unusual Items": null,
        "Total Unusual Items Excluding Goodwill": null,
        "Net Income From Continuing Operation Net Minority Interest": 51236420069.0,
        "Reconciled Depreciation": 2.0,
        "Reconciled Cost Of Revenue": 1284088411.0,
        "EBITDA": 156789087970.0,
        "EBIT": 153157140439.0,
        "Net Interest Income": -73527350364.0,
        "Interest Expense": 74414830270.0,
        "Interest Income": 987479906.0,
        "Normalized Income": -74314481553.44632,
        "Net Income From Continuing And Discontinued Operation": 51236420069.0,
        "Total Expenses": 49652603658.0,
        "Rent Expense Supplemental": 1284088411.0,
        "Total Operating Income As Reported": 55341665605.0,
        "Diluted Average Shares": 853940334.0,
        "Basic Average Shares": 853940334.0,
        "Diluted EPS": 60.0,
        "Basic EPS": 60.0,
        "Diluted NI Availto Com Stockholders": 51236420069.0,
        "Net Income Common Stockholders": 51236420069.0,
        "Otherunder Preferred Stock Dividend": 0.0,
        "Net Income": 51236420069.0,
        "Minority Interests": 27474972.0,
        "Net Income Including Noncontrolling Interests": 51208945097.0,
        "Net Income Continuous Operations": 51208945097.0,
        "Tax Provision": 27533365072.0,
        "Pretax Income": 78742310169.0,
        "Other Non Operating Income Expenses": 23400644564.0,
        "Special Income Charges": null,
        "Net Non Operating Interest Income Expense": -73527350364.0,
        "Total Other Finance Cost": 100000000.0,
        "Interest Expense Non Operating": 74414830270.0,
        "Interest Income Non Operating": 987479906.0,
        "Operating Income": -47024787686.0,
        "Operating Expense": 48368515247.0,
        "Depreciation And Amortization In Income Statement": 3631947531.0,
        "Depreciation Income Statement": 3631947531.0,
        "Selling General And Administration": 16302250845.0,
        "Selling And Marketing Expense": 2429621033.0,
        "General And Administrative Expense": 13872629812.0,
        "Gross Profit": 1343727561.0,
        "Cost Of Revenue": 1284088411.0,
        "Total Revenue": 2627815972.0,
        "Operating Revenue": 2627815972.0
      },
      "2024-06-30 00:00:00": {
        "Tax Effect Of Unusual Items": 40219884774.8,
        "Tax Rate For Calcs": 0.2,
        "Normalized EBITDA": -29735512117.0,
        "Total Unusual Items": 201099423874.0,
        "Total Unusual Items Excluding Goodwill": 201099423874.0,
        "Net Income From Continuing Operation Net Minority Interest": 49741104614.0,
        "Reconciled Depreciation": 751999286.0,
        "Reconciled Cost Of Revenue": 6562531270.0,
        "EBITDA": 171363911757.0,
        "EBIT": 167731964227.0,
        "Net Interest Income": -79110116879.0,
        "Interest Expense": 80552899796.0,
        "Interest Income": 1442782917.0,
        "Normalized Income": -111138434485.2,
        "Net Income From Continuing And Discontinued Operation": 49741104614.0,
        "Total Expenses": 52977564453.0,
        "Rent Expense Supplemental": 881433121.0,
        "Total Operating Income As Reported": 87179064431.0,
        "Diluted Average Shares": 778556420.0,
        "Basic Average Shares": 778556420.0,
        "Diluted EPS": 63.888889,
        "Basic EPS": 63.888889,
        "Diluted NI Availto Com Stockholders": 49741104614.0,
        "Net Income Common Stockholders": 49741104614.0,
        "Otherunder Preferred Stock Dividend": 0.0,
        "Net Income": 49741104614.0,
        "Minority Interests": -36941868.0,
        "Net Income Including Noncontrolling Interests": 49778046482.0,
        "Net Income Continuous Operations": 49778046482.0,
        "Tax Provision": 37401017949.0,
        "Pretax Income": 87179064431.0,
        "Other Non Operating Income Expenses": 19064659102.0,
        "Special Income Charges": 0.0,
        "Net Non Operating Interest Income Expense": -79110116879.0,
        "Total Other Finance Cost": null,
        "Interest Expense Non Operating": 80552899796.0,
        "Interest Income Non Operating": 1442782917.0,
        "Operating Income": -44722212132.0,
        "Operating Expense": 46415033183.0,
        "Depreciation And Amortization In Income Statement": 3631947530.0,
        "Depreciation Income Statement": 3631947530.0,
        "Selling General And Administration": 15516189124.0,
        "Selling And Marketing Expense": 987009792.0,
        "General And Administrative Expense": 14529179332.0,
        "Gross Profit": 1692821051.0,
        "Cost Of Revenue": 6562531270.0,
        "Total Revenue": 8255352321.0,
        "Operating Revenue": 8255352321.0
      }
    },
    "quarterly_balance_sheet": {
      "2025-06-30 00:00:00": {
        "Treasury Shares Number": null,
        "Ordinary Shares Number": 979813889.0,
        "Share Issued": 873140083.0,
        "Net Debt": 5656887660664.0,
        "Total Debt": 5682087944491.0,
        "Tangible Book Value": 11397023861088.0,
        "Invested Capital": 17479611805579.0,
        "Working Capital": 13870033747726.0,
        "Net Tangible Assets": 11397023861088.0,
        "Common Stock Equity": 11797523861088.0,
        "Total Capitalization": 16575498515193.0,
        "Total Equity Gross Minority Interest": 11855743826545.0,
        "Minority Interest": 58219965457.0,
        "Stockholders Equity": 11797523861088.0,
        "Other Equity Interest": null,
        "Retained Earnings": 2066285585985.0,
        "Additional Paid In Capital": 410424800000.0,
        "Capital Stock": 9072350830000.0,
        "Common Stock": 9072350830000.0,
        "Total Liabilities Net Minority Interest": 12370619932554.0,
        "Total Non Current Liabilities Net Minority Interest": 4777979754105.0,
        "Tradeand Other Payables Non Current": 5100000.0,
        "Long Term Debt And Capital Lease Obligation": 4777974654105.0,
        "Long Term Debt": 4777974654105.0,
        "Current Liabilities": 7592640178449.0,
        "Other Current Liabilities": 302291059196.0,
        "Current Deferred Taxes Liabilities": 18139506469.0,
        "Current Debt And Capital Lease Obligation": 904113290386.0,
        "Current Debt": 904113290386.0,
        "Pensionand Other Post Retirement Benefit Plans Current": 31701187342.0,
        "Payables": 6285560634067.0,
        "Other Payable": 5762408404227.0,
        "Total Tax Payable": 379767671293.0,
        "Accounts Payable": 143384558547.0,
        "Total Assets": 24226363759099.0,
        "Total Non Current Assets": 2763689832924.0,
        "Non Current Prepaid Assets": 978892814010.0,
        "Non Current Deferred Taxes Assets": 1241119049.0,
        "Investmentin Financial Assets": 0.0,
        "Held To Maturity Securities": 0.0,
        "Long Term Equity Investment": 23646747472.0,
        "Investmentsin Associatesat Cost": 23646747472.0,
        "Investment Properties": 62479248512.0,
        "Goodwill And Other Intangible Assets": 400500000000.0,
        "Other Intangible Assets": 400500000000.0,
        "Net PPE": 871422999198.0,
        "Accumulated Depreciation": -72719650912.0,
        "Gross PPE": 944142650110.0,
        "Construction In Progress": 533458452207.0,
        "Other Properties": null,
        "Machinery Furniture Equipment": 44657622375.0,
        "Buildings And Improvements": 366026575528.0,
        "Properties": 0.0,
        "Current Assets": 21462673926175.0,
        "Restricted Cash": 2545322900.0,
        "Prepaid Assets": 4260636325761.0,
        "Inventory": 14106010265503.0,
        "Finished Goods": 14106010265503.0,
        "Other Receivables": 932923638854.0,
        "Taxes Receivable": 80630850359.0,
        "Accounts Receivable": 1954727238971.0,
        "Cash Cash Equivalents And Short Term Investments": 125200283827.0,
        "Other Short Term Investments": 100000000000.0,
        "Cash And Cash Equivalents": 25200283827.0,
        "Cash Equivalents": 25182996536.0,
        "Cash Financial": 17287291.0
      },
      "2025-03-31 00:00:00": {
        "Treasury Shares Number": null,
        "Ordinary Shares Number": 942991289.0,
        "Share Issued": 873140083.0,
        "Net Debt": 5253032997487.0,
        "Total Debt": 5336993640881.0,
        "Tangible Book Value": 10649369408988.0,
        "Invested Capital": 16386927012187.0,
        "Working Capital": 12557338743504.0,
        "Net Tangible Assets": 10649369408988.0,
        "Common Stock Equity": 11049933371306.0,
        "Total Capitalization": 14906228654941.0,
        "Total Equity Gross Minority Interest": 11108151985216.0,
        "Minority Interest": 58218613910.0,
        "Stockholders Equity": 11049933371306.0,
        "Other Equity Interest": null,
        "Retained Earnings": 2004247726777.0,
        "Additional Paid In Capital": 70474800000.0,
        "Capital Stock": 8731400830000.0,
        "Common Stock": 8731400830000.0,
        "Total Liabilities Net Minority Interest": 11986343672686.0,
        "Total Non Current Liabilities Net Minority Interest": 3860326448310.0,
        "Tradeand Other Payables Non Current": 4031164675.0,
        "Long Term Debt And Capital Lease Obligation": 3856295283635.0,
        "Long Term Debt": 3856295283635.0,
        "Current Liabilities": 8126017224376.0,
        "Other Current Liabilities": 294034276867.0,
        "Current Deferred Taxes Liabilities": 17704005170.0,
        "Current Debt And Capital Lease Obligation": 1480698357246.0,
        "Current Debt": 1480698357246.0,
        "Pensionand Other Post Retirement Benefit Plans Current": 31083238298.0,
        "Payables": 6275784286150.0,
        "Other Payable": 5790742957202.0,
        "Total Tax Payable": 303292142412.0,
        "Accounts Payable": 181749186536.0,
        "Total Assets": 23094495657902.0,
        "Total Non Current Assets": 2411139690022.0,
        "Non Current Prepaid Assets": 994155400874.0,
        "Non Current Deferred Taxes Assets": 4803691022.0,
        "Investmentin Financial Assets": 0.0,
        "Held To Maturity Securities": 0.0,
        "Long Term Equity Investment": 35907463652.0,
        "Investmentsin Associatesat Cost": 35907463652.0,
        "Investment Properties": 62863278272.0,
        "Goodwill And Other Intangible Assets": 400563962318.0,
        "Other Intangible Assets": 400563962318.0,
        "Net PPE": 874121001229.0,
        "Accumulated Depreciation": -70021648881.0,
        "Gross PPE": 944142650110.0,
        "Construction In Progress": 533458452207.0,
        "Other Properties": null,
        "Machinery Furniture Equipment": 44657622375.0,
        "Buildings And Improvements": 366026575528.0,
        "Properties": 0.0,
        "Current Assets": 20683355967880.0,
        "Restricted Cash": 2534822900.0,
        "Prepaid Assets": 3584705318850.0,
        "Inventory": 14037857779802.0,
        "Finished Goods": 14037857779802.0,
        "Other Receivables": 979549765657.0,
        "Taxes Receivable": 92382970838.0,
        "Accounts Receivable": 1802364666439.0,
        "Cash Cash Equivalents And Short Term Investments": 183960643394.0,
        "Other Short Term Investments": 100000000000.0,
        "Cash And Cash Equivalents": 83960643394.0,
        "Cash Equivalents": 83911375601.0,
        "Cash Financial": 49267793.0
      },
      "2024-12-31 00:00:00": {
        "Treasury Shares Number": null,
        "Ordinary Shares Number": 942991289.0,
        "Share Issued": 873140083.0,
        "Net Debt": 4999688908869.0,
        "Total Debt": 5343365042605.0,
        "Tangible Book Value": 10599641740042.0,
        "Invested Capital": 16343666688441.0,
        "Working Capital": 12920151701045.0,
        "Net Tangible Assets": 10599641740042.0,
        "Common Stock Equity": 11000301645836.0,
        "Total Capitalization": 14960941393174.0,
        "Total Equity Gross Minority Interest": 11058508658990.0,
        "Minority Interest": 58207013154.0,
        "Stockholders Equity": 11000301645836.0,
        "Other Equity Interest": 58267013154.0,
        "Retained Earnings": 1954616001307.0,
        "Additional Paid In Capital": 70474800000.0,
        "Capital Stock": 8731400830000.0,
        "Common Stock": 8731400830000.0,
        "Total Liabilities Net Minority Interest": 12927043152194.0,
        "Total Non Current Liabilities Net Minority Interest": 4364670912013.0,
        "Tradeand Other Payables Non Current": 404031164675.0,
        "Long Term Debt And Capital Lease Obligation": 3960639747338.0,
        "Long Term Debt": 3960639747338.0,
        "Current Liabilities": 8562372240181.0,
        "Other Current Liabilities": 328250076057.0,
        "Current Deferred Taxes Liabilities": 17273289600.0,
        "Current Debt And Capital Lease Obligation": 1382725295267.0,
        "Current Debt": 1382725295267.0,
        "Pensionand Other Post Retirement Benefit Plans Current": 31821378773.0,
        "Payables": 6658964183419.0,
        "Other Payable": 5842939200720.0,
        "Total Tax Payable": 467801792124.0,
        "Accounts Payable": 348223190575.0,
        "Total Assets": 23985551811184.0,
        "Total Non Current Assets": 2503027869958.0,
        "Non Current Prepaid Assets": 983622808366.0,
        "Non Current Deferred Taxes Assets": 101716980842.0,
        "Investmentin Financial Assets": 2810000000.0,
        "Held To Maturity Securities": 2810000000.0,
        "Long Term Equity Investment": 35224067565.0,
        "Investmentsin Associatesat Cost": 35224067565.0,
        "Investment Properties": 63247308032.0,
        "Goodwill And Other Intangible Assets": 400659905794.0,
        "Other Intangible Assets": 400659905794.0,
        "Net PPE": 877021906704.0,
        "Accumulated Depreciation": -67120743406.0,
        "Gross PPE": 944142650110.0,
        "Construction In Progress": 533458452207.0,
        "Other Properties": 6229730393.0,
        "Machinery Furniture Equipment": 38427891982.0,
        "Buildings And Improvements": 366026575528.0,
        "Properties": 0.0,
        "Current Assets": 21482523941226.0,
        "Restricted Cash": 2534822900.0,
        "Prepaid Assets": 3063799615998.0,
        "Inventory": 14077663631758.0,
        "Finished Goods": 14077663631758.0,
        "Other Receivables": 991337843962.0,
        "Taxes Receivable": 81870680816.0,
        "Accounts Receivable": 2806270912856.0,
        "Cash Cash Equivalents And Short Term Investments": 459046432936.0,
        "Other Short Term Investments": 115370299200.0,
        "Cash And Cash Equivalents": 343676133736.0,
        "Cash Equivalents": 343644719660.0,
        "Cash Financial": 31414076.0
      },
      "2024-09-30 00:00:00": {
        "Treasury Shares Number": null,
        "Ordinary Shares Number": 942991289.0,
        "Share Issued": 873140083.0,
        "Net Debt": 4194461003073.0,
        "Total Debt": 4415159487347.0,
        "Tangible Book Value": 10597213629697.0,
        "Invested Capital": 15413950873864.0,
        "Working Capital": 11013225664802.0,
        "Net Tangible Assets": 10597213629697.0,
        "Common Stock Equity": 10998791386517.0,
        "Total Capitalization": 14047577790043.0,
        "Total Equity Gross Minority Interest": 11057024735618.0,
        "Minority Interest": 58233349101.0,
        "Stockholders Equity": 10998791386517.0,
        "Other Equity Interest": null,
        "Retained Earnings": 1953105741988.0,
        "Additional Paid In Capital": 70474800000.0,
        "Capital Stock": 8731400830000.0,
        "Common Stock": 8731400830000.0,
        "Total Liabilities Net Minority Interest": 11606296053718.0,
        "Total Non Current Liabilities Net Minority Interest": 3048791503526.0,
        "Tradeand Other Payables Non Current": 5100000.0,
        "Long Term Debt And Capital Lease Obligation": 3048786403526.0,
        "Long Term Debt": 3048786403526.0,
        "Current Liabilities": 8557504550192.0,
        "Other Current Liabilities": 73982275462.0,
        "Current Deferred Taxes Liabilities": 15952428519.0,
        "Current Debt And Capital Lease Obligation": 1366373083821.0,
        "Current Debt": 1366373083821.0,
        "Pensionand Other Post Retirement Benefit Plans Current": 36791118849.0,
        "Payables": 7046614734450.0,
        "Other Payable": 6769003831390.0,
        "Total Tax Payable": 95971542615.0,
        "Accounts Payable": 181639360445.0,
        "Total Assets": 22663320789336.0,
        "Total Non Current Assets": 3092590574342.0,
        "Non Current Prepaid Assets": 971895447295.0,
        "Non Current Deferred Taxes Assets": 8051303509.0,
        "Investmentin Financial Assets": 2810000000.0,
        "Held To Maturity Securities": 2810000000.0,
        "Long Term Equity Investment": 50297780277.0,
        "Investmentsin Associatesat Cost": 50297780277.0,
        "Investment Properties": 63631337792.0,
        "Goodwill And Other Intangible Assets": 401577756820.0,
        "Other Intangible Assets": 401577756820.0,
        "Net PPE": 879942055994.0,
        "Accumulated Depreciation": -64055594116.0,
        "Gross PPE": 943997650110.0,
        "Construction In Progress": 533458452207.0,
        "Other Properties": null,
        "Machinery Furniture Equipment": 44512622375.0,
        "Buildings And Improvements": 366026575528.0,
        "Properties": 0.0,
        "Current Assets": 19570730214994.0,
        "Restricted Cash": 2534822900.0,
        "Prepaid Assets": 2779215905685.0,
        "Inventory": 12853544872750.0,
        "Finished Goods": 12853544872750.0,
        "Other Receivables": 651690641050.0,
        "Taxes Receivable": 109172744662.0,
        "Accounts Receivable": 2938502444473.0,
        "Cash Cash Equivalents And Short Term Investments": 236068783474.0,
        "Other Short Term Investments": 15370299200.0,
        "Cash And Cash Equivalents": 220698484274.0,
        "Cash Equivalents": 220658193088.0,
        "Cash Financial": 40291186.0
      },
      "2024-06-30 00:00:00": {
        "Treasury Shares Number": 0.0,
        "Ordinary Shares Number": 942991289.0,
        "Share Issued": 873140083.0,
        "Net Debt": 2993960402598.0,
        "Total Debt": 4183882794995.0,
        "Tangible Book Value": 10543277324449.0,
        "Invested Capital": 15129655727292.0,
        "Working Capital": 10190476237972.0,
        "Net Tangible Assets": 10543277324449.0,
        "Common Stock Equity": 10945772932297.0,
        "Total Capitalization": 13756199037425.0,
        "Total Equity Gross Minority Interest": 11004007398543.0,
        "Minority Interest": 58234466246.0,
        "Stockholders Equity": 10945772932297.0,
        "Other Equity Interest": null,
        "Retained Earnings": 1901481921768.0,
        "Additional Paid In Capital": 70474800000.0,
        "Capital Stock": 8731400830000.0,
        "Common Stock": 8731400830000.0,
        "Total Liabilities Net Minority Interest": 11532811057015.0,
        "Total Non Current Liabilities Net Minority Interest": 2831381205128.0,
        "Tradeand Other Payables Non Current": 20955100000.0,
        "Long Term Debt And Capital Lease Obligation": 2810426105128.0,
        "Long Term Debt": 2810426105128.0,
        "Current Liabilities": 8701429851887.0,
        "Other Current Liabilities": 99113615257.0,
        "Current Deferred Taxes Liabilities": 15952428519.0,
        "Current Debt And Capital Lease Obligation": 1373456689867.0,
        "Current Debt": 1373456689867.0,
        "Pensionand Other Post Retirement Benefit Plans Current": 37861971562.0,
        "Payables": 7155353320043.0,
        "Other Payable": 6682778903045.0,
        "Total Tax Payable": 264201623198.0,
        "Accounts Payable": 208372793800.0,
        "Total Assets": 22536818455558.0,
        "Total Non Current Assets": 3644912365699.0,
        "Non Current Prepaid Assets": 956845286844.0,
        "Non Current Deferred Taxes Assets": 7646281553.0,
        "Investmentin Financial Assets": 2810000000.0,
        "Held To Maturity Securities": 2810000000.0,
        "Long Term Equity Investment": 613722894170.0,
        "Investmentsin Associatesat Cost": 613722894170.0,
        "Investment Properties": 64015367552.0,
        "Goodwill And Other Intangible Assets": 402495607848.0,
        "Other Intangible Assets": 402495607848.0,
        "Net PPE": 883001035077.0,
        "Accumulated Depreciation": -60996615033.0,
        "Gross PPE": 943997650110.0,
        "Construction In Progress": 533458452207.0,
        "Other Properties": null,
        "Machinery Furniture Equipment": 44512622375.0,
        "Buildings And Improvements": 366026575528.0,
        "Properties": 0.0,
        "Current Assets": 18891906089859.0,
        "Restricted Cash": 2518822900.0,
        "Prepaid Assets": 1890083757643.0,
        "Inventory": 12523068263744.0,
        "Finished Goods": 12523068263744.0,
        "Other Receivables": 625684228089.0,
        "Taxes Receivable": 83784723913.0,
        "Accounts Receivable": 2561473601973.0,
        "Cash Cash Equivalents And Short Term Investments": 1205292691597.0,
        "Other Short Term Investments": 15370299200.0,
        "Cash And Cash Equivalents": 1189922392397.0,
        "Cash Equivalents": 1189857413430.0,
        "Cash Financial": 64978967.0
      }
    },
    "quarterly_cash_flow": {
      "2025-06-30 00:00:00": {
        "Free Cash Flow": -882847771952.0,
        "Repayment Of Debt": 62962095366.0,
        "Issuance Of Debt": 1055033609968.0,
        "Issuance Of Capital Stock": null,
        "Capital Expenditure": null,
        "End Cash Position": 25200283827.0,
        "Beginning Cash Position": 83960643394.0,
        "Changes In Cash": 200955130775.0,
        "Financing Cash Flow": 1117595705334.0,
        "Net Common Stock Issuance": null,
        "Common Stock Issuance": null,
        "Net Issuance Payments Of Debt": 1117995705334.0,
        "Net Long Term Debt Issuance": 1117995705334.0,
        "Long Term Debt Payments": 62962095366.0,
        "Long Term Debt Issuance": 1055033609968.0,
        "Investing Cash Flow": -23885926050.0,
        "Interest Received Cfi": -602988699.0,
        "Net Investment Purchase And Sale": null,
        "Purchase Of Investment": null,
        "Net Business Purchase And Sale": -15009514708.0,
        "Sale Of Business": -15000000000.0,
        "Purchase Of Business": -9514708.0,
        "Net PPE Purchase And Sale": 9906876557.0,
        "Purchase Of PPE": 9906876557.0,
        "Operating Cash Flow": -892754648509.0,
        "Taxes Refund Paid": -21937304.0,
        "Interest Paid Cfo": -89863569866.0,
        "Change In Working Capital": -622612702534.0,
        "Change In Payable": 862168216102.0,
        "Change In Prepaid Assets": 19616043290.0,
        "Change In Inventory": -48735886141.0,
        "Change In Receivables": -1455661075785.0,
        "Other Non Cash Items": -4823404568.0,
        "Provisionand Write Offof Assets": null,
        "Depreciation And Amortization": -234884602.0,
        "Depreciation": -234884602.0,
        "Gain Loss On Investment Securities": -126464314687.0,
        "Net Foreign Currency Exchange Gain Loss": null,
        "Net Income From Continuing Operations": 36772880390.0
      },
      "2025-03-31 00:00:00": {
        "Free Cash Flow": -447926186736.0,
        "Repayment Of Debt": -147264998387.0,
        "Issuance Of Debt": 140893596663.0,
        "Issuance Of Capital Stock": null,
        "Capital Expenditure": -9919961557.0,
        "End Cash Position": 83960643394.0,
        "Beginning Cash Position": 343676133736.0,
        "Changes In Cash": -259715490342.0,
        "Financing Cash Flow": -6371401724.0,
        "Net Common Stock Issuance": null,
        "Common Stock Issuance": null,
        "Net Issuance Payments Of Debt": -6371401724.0,
        "Net Long Term Debt Issuance": -6371401724.0,
        "Long Term Debt Payments": -147264998387.0,
        "Long Term Debt Issuance": 140893596663.0,
        "Investing Cash Flow": 184662136561.0,
        "Interest Received Cfi": 2102517615.0,
        "Net Investment Purchase And Sale": null,
        "Purchase Of Investment": null,
        "Net Business Purchase And Sale": 174299281303.0,
        "Sale Of Business": 175000000000.0,
        "Purchase Of Business": -700718697.0,
        "Net PPE Purchase And Sale": -9919961557.0,
        "Purchase Of PPE": -9919961557.0,
        "Operating Cash Flow": -438006225179.0,
        "Taxes Refund Paid": 0.0,
        "Interest Paid Cfo": -82323707725.0,
        "Change In Working Capital": -486534908858.0,
        "Change In Payable": -858310491474.0,
        "Change In Prepaid Assets": -9658446732.0,
        "Change In Inventory": 73254316988.0,
        "Change In Receivables": 308179712360.0,
        "Other Non Cash Items": 66840290197.0,
        "Provisionand Write Offof Assets": null,
        "Depreciation And Amortization": 3380878711.0,
        "Depreciation": 3380878711.0,
        "Gain Loss On Investment Securities": -1862721293.0,
        "Net Foreign Currency Exchange Gain Loss": null,
        "Net Income From Continuing Operations": 64207084264.0
      },
      "2024-12-31 00:00:00": {
        "Free Cash Flow": -1710647591390.0,
        "Repayment Of Debt": -232551021928.0,
        "Issuance Of Debt": 1126526577186.0,
        "Issuance Of Capital Stock": 0.0,
        "Capital Expenditure": -30637600855.0,
        "End Cash Position": 343676133736.0,
        "Beginning Cash Position": 220698484274.0,
        "Changes In Cash": 122977649462.0,
        "Financing Cash Flow": 893975555258.0,
        "Net Common Stock Issuance": 0.0,
        "Common Stock Issuance": 0.0,
        "Net Issuance Payments Of Debt": 893975555258.0,
        "Net Long Term Debt Issuance": 893975555258.0,
        "Long Term Debt Payments": -232551021928.0,
        "Long Term Debt Issuance": 1126526577186.0,
        "Investing Cash Flow": 909012084739.0,
        "Interest Received Cfi": 2333685594.0,
        "Net Investment Purchase And Sale": -100000000000.0,
        "Purchase Of Investment": -100000000000.0,
        "Net Business Purchase And Sale": 1037316000000.0,
        "Sale Of Business": 1038070000000.0,
        "Purchase Of Business": -754000000.0,
        "Net PPE Purchase And Sale": -30637600855.0,
        "Purchase Of PPE": -30637600855.0,
        "Operating Cash Flow": -1680009990535.0,
        "Taxes Refund Paid": 0.0,
        "Interest Paid Cfo": -97288691207.0,
        "Change In Working Capital": -2154962449009.0,
        "Change In Payable": 99623176806.0,
        "Change In Prepaid Assets": -12315693283.0,
        "Change In Inventory": -507888104790.0,
        "Change In Receivables": -1734381827742.0,
        "Other Non Cash Items": 71957091362.0,
        "Provisionand Write Offof Assets": 8500000000.0,
        "Depreciation And Amortization": 4367030076.0,
        "Depreciation": 4367030076.0,
        "Gain Loss On Investment Securities": 12096202577.0,
        "Net Foreign Currency Exchange Gain Loss": 34904157050.0,
        "Net Income From Continuing Operations": 447750166670.0
      },
      "2024-09-30 00:00:00": {
        "Free Cash Flow": -385157216174.0,
        "Repayment Of Debt": -25411034828.0,
        "Issuance Of Debt": -340344764503.0,
        "Issuance Of Capital Stock": null,
        "Capital Expenditure": -4115488132.0,
        "End Cash Position": 220698484274.0,
        "Beginning Cash Position": 1189922392397.0,
        "Changes In Cash": -2139841332829.0,
        "Financing Cash Flow": -1751377868906.0,
        "Net Common Stock Issuance": null,
        "Common Stock Issuance": null,
        "Net Issuance Payments Of Debt": -408731538906.0,
        "Net Long Term Debt Issuance": -408731538906.0,
        "Long Term Debt Payments": -25411034828.0,
        "Long Term Debt Issuance": -340344764503.0,
        "Investing Cash Flow": -7421735881.0,
        "Interest Received Cfi": -3220247749.0,
        "Net Investment Purchase And Sale": null,
        "Purchase Of Investment": null,
        "Net Business Purchase And Sale": -86000000.0,
        "Sale Of Business": null,
        "Purchase Of Business": -86000000.0,
        "Net PPE Purchase And Sale": -4115488132.0,
        "Purchase Of PPE": -4115488132.0,
        "Operating Cash Flow": -381041728042.0,
        "Taxes Refund Paid": -192615925506.0,
        "Interest Paid Cfo": 66520810791.0,
        "Change In Working Capital": -264363045883.0,
        "Change In Payable": 818074039622.0,
        "Change In Prepaid Assets": -7007605130.0,
        "Change In Inventory": -80861663525.0,
        "Change In Receivables": -994567816850.0,
        "Other Non Cash Items": 1538668383.0,
        "Provisionand Write Offof Assets": null,
        "Depreciation And Amortization": 2.0,
        "Depreciation": 2.0,
        "Gain Loss On Investment Securities": 16508233696.0,
        "Net Foreign Currency Exchange Gain Loss": 0.0,
        "Net Income From Continuing Operations": -8436754262.0
      },
      "2024-06-30 00:00:00": {
        "Free Cash Flow": 153318409994.0,
        "Repayment Of Debt": 107753082177.0,
        "Issuance Of Debt": 52373926405.0,
        "Issuance Of Capital Stock": 1342646330000.0,
        "Capital Expenditure": null,
        "End Cash Position": 1189922392397.0,
        "Beginning Cash Position": 19304967691.0,
        "Changes In Cash": 1656419251479.0,
        "Financing Cash Flow": 1545749078157.0,
        "Net Common Stock Issuance": 1342646330000.0,
        "Common Stock Issuance": 1342646330000.0,
        "Net Issuance Payments Of Debt": 203102748157.0,
        "Net Long Term Debt Issuance": 203102748157.0,
        "Long Term Debt Payments": 107753082177.0,
        "Long Term Debt Issuance": 52373926405.0,
        "Investing Cash Flow": -19205918416.0,
        "Interest Received Cfi": 2396763328.0,
        "Net Investment Purchase And Sale": null,
        "Purchase Of Investment": null,
        "Net Business Purchase And Sale": -45045000000.0,
        "Sale Of Business": -45000000000.0,
        "Purchase Of Business": -45000000.0,
        "Net PPE Purchase And Sale": 23442318256.0,
        "Purchase Of PPE": 23442318256.0,
        "Operating Cash Flow": 129876091738.0,
        "Taxes Refund Paid": 632401.0,
        "Interest Paid Cfo": -110596862907.0,
        "Change In Working Capital": 419918304385.0,
        "Change In Payable": -229825058610.0,
        "Change In Prepaid Assets": -11727286204.0,
        "Change In Inventory": -100256630920.0,
        "Change In Receivables": 761727280119.0,
        "Other Non Cash Items": 7463245001.0,
        "Provisionand Write Offof Assets": null,
        "Depreciation And Amortization": 751999286.0,
        "Depreciation": 751999286.0,
        "Gain Loss On Investment Securities": -199936696404.0,
        "Net Foreign Currency Exchange Gain Loss": 0.0,
        "Net Income From Continuing Operations": 10889151392.0
      }
    }
  },
  "annual": {
    "symbol": "PDR.VN",
    "timestamp": "2026-01-09T18:25:32.705240",
    "annual_financials": {
      "2024-12-31 00:00:00": {
        "Tax Effect Of Unusual Items": 78830982968.0,
        "Tax Rate For Calcs": 0.2,
        "Normalized EBITDA": 200168966567.0,
        "Total Unusual Items": 394154914840.0,
        "Total Unusual Items Excluding Goodwill": 394154914840.0,
        "Net Income From Continuing Operation Net Minority Interest": 155087685811.0,
        "Reconciled Depreciation": 16697610399.0,
        "Reconciled Cost Of Revenue": 422792684553.0,
        "EBITDA": 594323881407.0,
        "EBIT": 577626271008.0,
        "Net Interest Income": -227601759986.0,
        "Interest Expense": 315919658031.0,
        "Interest Income": 88417898045.0,
        "Normalized Income": -160236246061.0,
        "Net Income From Continuing And Discontinued Operation": 155087685811.0,
        "Total Expenses": 631388662491.0,
        "Total Operating Income As Reported": 198582218122.0,
        "Diluted Average Shares": 876216775.0,
        "Basic Average Shares": 876216775.0,
        "Diluted EPS": 170.37037,
        "Basic EPS": 170.37037,
        "Diluted NI Availto Com Stockholders": 148884178379.0,
        "Net Income Common Stockholders": 148884178379.0,
        "Otherunder Preferred Stock Dividend": 6203507432.0,
        "Net Income": 155087685811.0,
        "Minority Interests": -96034916.0,
        "Net Income Including Noncontrolling Interests": 155183720727.0,
        "Net Income Continuous Operations": 155183720727.0,
        "Tax Provision": 106522892250.0,
        "Pretax Income": 261706612977.0,
        "Other Non Operating Income Expenses": -10414112394.0,
        "Special Income Charges": null,
        "Other Special Charges": null,
        "Net Non Operating Interest Income Expense": -227601759986.0,
        "Total Other Finance Cost": 100000000.0,
        "Interest Expense Non Operating": 315919658031.0,
        "Interest Income Non Operating": 88417898045.0,
        "Operating Income": 190301876200.0,
        "Operating Expense": 208595977938.0,
        "Other Operating Expenses": 8500000000.0,
        "Depreciation And Amortization In Income Statement": 13781961041.0,
        "Depreciation Income Statement": 13781961041.0,
        "Selling General And Administration": 75172227504.0,
        "Selling And Marketing Expense": 6369616504.0,
        "General And Administrative Expense": 68802611000.0,
        "Gross Profit": 398897854138.0,
        "Cost Of Revenue": 422792684553.0,
        "Total Revenue": 821690538691.0,
        "Operating Revenue": 821690538691.0
      },
      "2023-12-31 00:00:00": {
        "Tax Effect Of Unusual Items": 220106202103.5863,
        "Tax Rate For Calcs": 0.232592,
        "Normalized EBITDA": 315319977285.0,
        "Total Unusual Items": 946318309258.0,
        "Total Unusual Items Excluding Goodwill": 946318309258.0,
        "Net Income From Continuing Operation Net Minority Interest": 684058609709.0,
        "Reconciled Depreciation": 12685366336.0,
        "Reconciled Cost Of Revenue": 73816280440.0,
        "EBITDA": 1261638286543.0,
        "EBIT": 1248952920207.0,
        "Net Interest Income": -316589296285.0,
        "Interest Expense": 359592740645.0,
        "Interest Income": 76079751999.0,
        "Normalized Income": -42153497445.413704,
        "Net Income From Continuing And Discontinued Operation": 684058609709.0,
        "Total Expenses": 287729017326.0,
        "Total Operating Income As Reported": 859310678347.0,
        "Diluted Average Shares": 731737393.0,
        "Basic Average Shares": 731737393.0,
        "Diluted EPS": 928.703704,
        "Basic EPS": 928.703704,
        "Diluted NI Availto Com Stockholders": 679538609709.0,
        "Net Income Common Stockholders": 679538609709.0,
        "Otherunder Preferred Stock Dividend": 4520000000.0,
        "Net Income": 684058609709.0,
        "Minority Interests": 1556618888.0,
        "Net Income Including Noncontrolling Interests": 682501990821.0,
        "Net Income Continuous Operations": 682501990821.0,
        "Tax Provision": 206858188741.0,
        "Pretax Income": 889360179562.0,
        "Other Non Operating Income Expenses": -24733010456.0,
        "Special Income Charges": 3941873561.0,
        "Other Special Charges": -3941873561.0,
        "Net Non Operating Interest Income Expense": -316589296285.0,
        "Total Other Finance Cost": 33076307639.0,
        "Interest Expense Non Operating": 359592740645.0,
        "Interest Income Non Operating": 76079751999.0,
        "Operating Income": 329786198783.0,
        "Operating Expense": 213912736886.0,
        "Other Operating Expenses": 9000000000.0,
        "Depreciation And Amortization In Income Statement": 8441221612.0,
        "Depreciation Income Statement": 8441221612.0,
        "Selling General And Administration": 94725849695.0,
        "Selling And Marketing Expense": 9368329506.0,
        "General And Administrative Expense": 85357520189.0,
        "Gross Profit": 543698935669.0,
        "Cost Of Revenue": 73816280440.0,
        "Total Revenue": 617515216109.0,
        "Operating Revenue": 617515216109.0
      },
      "2022-12-31 00:00:00": {
        "Tax Effect Of Unusual Items": -66030202518.2767,
        "Tax Rate For Calcs": 0.217049,
        "Normalized EBITDA": 2306300324827.0,
        "Total Unusual Items": -304218325767.0,
        "Total Unusual Items Excluding Goodwill": -304218325767.0,
        "Net Income From Continuing Operation Net Minority Interest": 1137262912956.0,
        "Reconciled Depreciation": 13990105797.0,
        "Reconciled Cost Of Revenue": 227303005242.0,
        "EBITDA": 2002081999060.0,
        "EBIT": 1988091893263.0,
        "Net Interest Income": 836265837507.0,
        "Interest Expense": 505710829277.0,
        "Interest Income": 1371607378618.0,
        "Normalized Income": 1375451036204.7234,
        "Net Income From Continuing And Discontinued Operation": 1137262912956.0,
        "Total Expenses": 528057310958.0,
        "Total Operating Income As Reported": 1588326547985.0,
        "Diluted Average Shares": 802895708.0,
        "Basic Average Shares": 802895708.0,
        "Diluted EPS": 1409.552781,
        "Basic EPS": 1409.552781,
        "Diluted NI Availto Com Stockholders": 1132031245956.0,
        "Net Income Common Stockholders": 1132031245956.0,
        "Otherunder Preferred Stock Dividend": 5231667000.0,
        "Net Income": 1137262912956.0,
        "Minority Interests": -23369217538.0,
        "Net Income Including Noncontrolling Interests": 1160632130494.0,
        "Net Income Continuous Operations": 1160632130494.0,
        "Tax Provision": 321748933492.0,
        "Pretax Income": 1482381063986.0,
        "Other Non Operating Income Expenses": -1727158232.0,
        "Special Income Charges": -104218325767.0,
        "Other Special Charges": 104218325767.0,
        "Net Non Operating Interest Income Expense": 836265837507.0,
        "Total Other Finance Cost": 29630711834.0,
        "Interest Expense Non Operating": 505710829277.0,
        "Interest Income Non Operating": 1371607378618.0,
        "Operating Income": 976517438013.0,
        "Operating Expense": 300754305716.0,
        "Other Operating Expenses": null,
        "Depreciation And Amortization In Income Statement": 8132209652.0,
        "Depreciation Income Statement": 8132209652.0,
        "Selling General And Administration": 131932782162.0,
        "Selling And Marketing Expense": 11860005818.0,
        "General And Administrative Expense": 120072776344.0,
        "Gross Profit": 1277271743729.0,
        "Cost Of Revenue": 227303005242.0,
        "Total Revenue": 1504574748971.0,
        "Operating Revenue": 1504574748971.0
      },
      "2021-12-31 00:00:00": {
        "Tax Effect Of Unusual Items": 0.0,
        "Tax Rate For Calcs": 0.206345,
        "Normalized EBITDA": 2510886329916.0,
        "Total Unusual Items": 0.0,
        "Total Unusual Items Excluding Goodwill": 0.0,
        "Net Income From Continuing Operation Net Minority Interest": 1865003864267.0,
        "Reconciled Depreciation": 9537712213.0,
        "Reconciled Cost Of Revenue": 856767612137.0,
        "EBITDA": 2510886329916.0,
        "EBIT": 2501348617703.0,
        "Net Interest Income": -159145353765.0,
        "Interest Expense": 156996811651.0,
        "Interest Income": 4196307513.0,
        "Normalized Income": 1865003864267.0,
        "Net Income From Continuing And Discontinued Operation": 1865003864267.0,
        "Total Expenses": 1095701282196.0,
        "Total Operating Income As Reported": 2367806747468.0,
        "Diluted Average Shares": 802895708.0,
        "Basic Average Shares": 802895708.0,
        "Diluted EPS": 2278.707285,
        "Basic EPS": 2278.707285,
        "Diluted NI Availto Com Stockholders": 1829568790846.0,
        "Net Income Common Stockholders": 1829568790846.0,
        "Otherunder Preferred Stock Dividend": 35435073421.0,
        "Net Income": 1865003864267.0,
        "Minority Interests": 4397078388.0,
        "Net Income Including Noncontrolling Interests": 1860606785879.0,
        "Net Income Continuous Operations": 1860606785879.0,
        "Tax Provision": 483745020173.0,
        "Pretax Income": 2344351806052.0,
        "Other Non Operating Income Expenses": -23454941416.0,
        "Special Income Charges": 0.0,
        "Other Special Charges": null,
        "Net Non Operating Interest Income Expense": -159145353765.0,
        "Total Other Finance Cost": 6344849627.0,
        "Interest Expense Non Operating": 156996811651.0,
        "Interest Income Non Operating": 4196307513.0,
        "Operating Income": 2524522923638.0,
        "Operating Expense": 238933670059.0,
        "Other Operating Expenses": null,
        "Depreciation And Amortization In Income Statement": 4754144297.0,
        "Depreciation Income Statement": 4754144297.0,
        "Selling General And Administration": 117804441401.0,
        "Selling And Marketing Expense": 12537596960.0,
        "General And Administrative Expense": 105266844441.0,
        "Gross Profit": 2763456593697.0,
        "Cost Of Revenue": 856767612137.0,
        "Total Revenue": 3620224205834.0,
        "Operating Revenue": 3620224205834.0
      }
    },
    "annual_balance_sheet": {
      "2024-12-31 00:00:00": {
        "Ordinary Shares Number": 942991289.0,
        "Share Issued": 873140083.0,
        "Net Debt": 4999688908869.0,
        "Total Debt": 5343365042605.0,
        "Tangible Book Value": 10599641740042.0,
        "Invested Capital": 16343666688441.0,
        "Working Capital": 12920151701045.0,
        "Net Tangible Assets": 10599641740042.0,
        "Common Stock Equity": 11000301645836.0,
        "Total Capitalization": 14960941393174.0,
        "Total Equity Gross Minority Interest": 11058508658990.0,
        "Minority Interest": 58207013154.0,
        "Stockholders Equity": 11000301645836.0,
        "Other Equity Interest": 58267013154.0,
        "Retained Earnings": 1954616001307.0,
        "Additional Paid In Capital": 70474800000.0,
        "Capital Stock": 8731400830000.0,
        "Common Stock": 8731400830000.0,
        "Total Liabilities Net Minority Interest": 12927043152194.0,
        "Total Non Current Liabilities Net Minority Interest": 4364670912013.0,
        "Tradeand Other Payables Non Current": 404031164675.0,
        "Long Term Debt And Capital Lease Obligation": 3960639747338.0,
        "Long Term Debt": 3960639747338.0,
        "Current Liabilities": 8562372240181.0,
        "Other Current Liabilities": 328250076057.0,
        "Current Deferred Taxes Liabilities": 17273289600.0,
        "Current Debt And Capital Lease Obligation": 1382725295267.0,
        "Current Debt": 1382725295267.0,
        "Pensionand Other Post Retirement Benefit Plans Current": 31821378773.0,
        "Payables": 6658964183419.0,
        "Other Payable": 5842939200720.0,
        "Total Tax Payable": 467801792124.0,
        "Accounts Payable": 348223190575.0,
        "Total Assets": 23985551811184.0,
        "Total Non Current Assets": 2503027869958.0,
        "Non Current Prepaid Assets": 983622808366.0,
        "Non Current Deferred Taxes Assets": 101716980842.0,
        "Investmentin Financial Assets": 2810000000.0,
        "Held To Maturity Securities": 2810000000.0,
        "Long Term Equity Investment": 35224067565.0,
        "Investmentsin Associatesat Cost": 35224067565.0,
        "Investment Properties": 63247308032.0,
        "Goodwill And Other Intangible Assets": 400659905794.0,
        "Other Intangible Assets": 400659905794.0,
        "Net PPE": 877021906704.0,
        "Accumulated Depreciation": -67120743406.0,
        "Gross PPE": 944142650110.0,
        "Construction In Progress": 533458452207.0,
        "Other Properties": 6229730393.0,
        "Machinery Furniture Equipment": 38427891982.0,
        "Buildings And Improvements": 366026575528.0,
        "Properties": 0.0,
        "Current Assets": 21482523941226.0,
        "Restricted Cash": 2534822900.0,
        "Prepaid Assets": 3063799615998.0,
        "Inventory": 14077663631758.0,
        "Finished Goods": 14077663631758.0,
        "Other Receivables": 991337843962.0,
        "Taxes Receivable": 81870680816.0,
        "Accounts Receivable": 2806270912856.0,
        "Cash Cash Equivalents And Short Term Investments": 459046432936.0,
        "Other Short Term Investments": 115370299200.0,
        "Cash And Cash Equivalents": 343676133736.0,
        "Cash Equivalents": 343644719660.0,
        "Cash Financial": 31414076.0
      },
      "2023-12-31 00:00:00": {
        "Ordinary Shares Number": 883185278.0,
        "Share Issued": 817764146.0,
        "Net Debt": 2600062286172.0,
        "Total Debt": 3105169080636.0,
        "Tangible Book Value": 9517354362572.0,
        "Invested Capital": 12626390013111.0,
        "Working Capital": 7739381977685.0,
        "Net Tangible Assets": 9517354362572.0,
        "Common Stock Equity": 9521220932475.0,
        "Total Capitalization": 11811709337094.0,
        "Total Equity Gross Minority Interest": 9579391910713.0,
        "Minority Interest": 58170978238.0,
        "Stockholders Equity": 9521220932475.0,
        "Other Equity Interest": 58170978238.0,
        "Retained Earnings": 1831862790140.0,
        "Additional Paid In Capital": 71120900000.0,
        "Capital Stock": 7388108400000.0,
        "Common Stock": 7388108400000.0,
        "Total Liabilities Net Minority Interest": 11488430754796.0,
        "Total Non Current Liabilities Net Minority Interest": 2311443504619.0,
        "Tradeand Other Payables Non Current": 20955100000.0,
        "Long Term Debt And Capital Lease Obligation": 2290488404619.0,
        "Long Term Debt": 2290488404619.0,
        "Current Liabilities": 9176987250177.0,
        "Other Current Liabilities": 47539318774.0,
        "Current Deferred Taxes Liabilities": 15952428519.0,
        "Current Debt And Capital Lease Obligation": 814680676017.0,
        "Current Debt": 814680676017.0,
        "Pensionand Other Post Retirement Benefit Plans Current": 23901126134.0,
        "Payables": 8253658318315.0,
        "Other Payable": 7812388266048.0,
        "Total Tax Payable": 197887405481.0,
        "Accounts Payable": 243382646786.0,
        "Total Assets": 21067822665509.0,
        "Total Non Current Assets": 4151453437647.0,
        "Non Current Prepaid Assets": 947189699716.0,
        "Non Current Deferred Taxes Assets": 7954041202.0,
        "Investmentin Financial Assets": 2810000000.0,
        "Held To Maturity Securities": 2810000000.0,
        "Long Term Equity Investment": 1198940674685.0,
        "Investmentsin Associatesat Cost": 1198940674685.0,
        "Investment Properties": 64783427072.0,
        "Goodwill And Other Intangible Assets": 3866569903.0,
        "Other Intangible Assets": 3866569903.0,
        "Net PPE": 1192682236489.0,
        "Accumulated Depreciation": -55665916156.0,
        "Gross PPE": 1248348152645.0,
        "Construction In Progress": 1169510498408.0,
        "Other Properties": 6084730393.0,
        "Machinery Furniture Equipment": 38427891982.0,
        "Buildings And Improvements": 34325031862.0,
        "Properties": 0.0,
        "Current Assets": 16916369227862.0,
        "Restricted Cash": 1383011700.0,
        "Prepaid Assets": 889614565418.0,
        "Inventory": 12199560056415.0,
        "Finished Goods": 12199560056415.0,
        "Other Receivables": 917394579604.0,
        "Taxes Receivable": 76441829909.0,
        "Accounts Receivable": 2311498091152.0,
        "Cash Cash Equivalents And Short Term Investments": 520477093664.0,
        "Other Short Term Investments": 15370299200.0,
        "Cash And Cash Equivalents": 505106794464.0,
        "Cash Equivalents": 505066512540.0,
        "Cash Financial": 40281924.0
      },
      "2022-12-31 00:00:00": {
        "Ordinary Shares Number": 802895708.0,
        "Share Issued": 743421952.0,
        "Net Debt": 4178116877924.0,
        "Total Debt": 4439879338466.0,
        "Tangible Book Value": 8142857831126.0,
        "Invested Capital": 12590486703611.0,
        "Working Capital": 7187748852837.0,
        "Net Tangible Assets": 8142857831126.0,
        "Common Stock Equity": 8150607365145.0,
        "Total Capitalization": 9922519865145.0,
        "Total Equity Gross Minority Interest": 9260529767454.0,
        "Minority Interest": 1109922402309.0,
        "Stockholders Equity": 8150607365145.0,
        "Other Equity Interest": 1109922402309.0,
        "Retained Earnings": 1155081291069.0,
        "Additional Paid In Capital": 71680300000.0,
        "Capital Stock": 6716462190000.0,
        "Common Stock": 6716462190000.0,
        "Total Liabilities Net Minority Interest": 13582765739708.0,
        "Total Non Current Liabilities Net Minority Interest": 2553971600000.0,
        "Tradeand Other Payables Non Current": 782059100000.0,
        "Long Term Debt And Capital Lease Obligation": 1771912500000.0,
        "Long Term Debt": 1771912500000.0,
        "Current Liabilities": 11028794139708.0,
        "Other Current Liabilities": 34371838474.0,
        "Current Deferred Taxes Liabilities": 0.0,
        "Current Debt And Capital Lease Obligation": 2667966838466.0,
        "Current Debt": 2667966838466.0,
        "Pensionand Other Post Retirement Benefit Plans Current": 28527658748.0,
        "Payables": 6899040838217.0,
        "Other Payable": 6101284321769.0,
        "Total Tax Payable": 341253479545.0,
        "Accounts Payable": 456503036903.0,
        "Total Assets": 22843295507162.0,
        "Total Non Current Assets": 4626752514617.0,
        "Non Current Prepaid Assets": 954158573547.0,
        "Non Current Deferred Taxes Assets": 7981411710.0,
        "Investmentin Financial Assets": 2810000000.0,
        "Held To Maturity Securities": 2810000000.0,
        "Long Term Equity Investment": 1773405637325.0,
        "Investmentsin Associatesat Cost": 1773405637325.0,
        "Investment Properties": 66319546112.0,
        "Goodwill And Other Intangible Assets": 7749534019.0,
        "Other Intangible Assets": 7749534019.0,
        "Net PPE": 1082563755324.0,
        "Accumulated Depreciation": -48466050260.0,
        "Gross PPE": 1131029805584.0,
        "Construction In Progress": 1052153293147.0,
        "Other Properties": 6009730393.0,
        "Machinery Furniture Equipment": 38541750182.0,
        "Buildings And Improvements": 34325031862.0,
        "Properties": 0.0,
        "Current Assets": 18216542992545.0,
        "Restricted Cash": 1390011700.0,
        "Prepaid Assets": 1010021194935.0,
        "Inventory": 12181241340224.0,
        "Finished Goods": 12181241340224.0,
        "Other Receivables": 2595291556512.0,
        "Taxes Receivable": 80594121086.0,
        "Accounts Receivable": 2076872008346.0,
        "Cash Cash Equivalents And Short Term Investments": 271132759742.0,
        "Other Short Term Investments": 9370299200.0,
        "Cash And Cash Equivalents": 261762460542.0,
        "Cash Equivalents": 261647438905.0,
        "Cash Financial": 115021637.0
      },
      "2021-12-31 00:00:00": {
        "Ordinary Shares Number": 802897983.0,
        "Share Issued": 743424058.0,
        "Net Debt": 2932914535463.0,
        "Total Debt": 3426944791672.0,
        "Tangible Book Value": 7044095062296.0,
        "Invested Capital": 10480950910528.0,
        "Working Capital": 6605890167296.0,
        "Net Tangible Assets": 7044095062296.0,
        "Common Stock Equity": 7054006118856.0,
        "Total Capitalization": 9674100910528.0,
        "Total Equity Gross Minority Interest": 8144511207117.0,
        "Minority Interest": 1090505088261.0,
        "Stockholders Equity": 7054006118856.0,
        "Other Equity Interest": 1090505088261.0,
        "Retained Earnings": 1875193074780.0,
        "Additional Paid In Capital": 71680300000.0,
        "Capital Stock": 4927719160000.0,
        "Common Stock": 4927719160000.0,
        "Total Liabilities Net Minority Interest": 12407367762866.0,
        "Total Non Current Liabilities Net Minority Interest": 3676194791672.0,
        "Tradeand Other Payables Non Current": 1056100000000.0,
        "Long Term Debt And Capital Lease Obligation": 2620094791672.0,
        "Long Term Debt": 2620094791672.0,
        "Current Liabilities": 8731172971194.0,
        "Other Current Liabilities": 46708305126.0,
        "Current Deferred Taxes Liabilities": null,
        "Current Debt And Capital Lease Obligation": 806850000000.0,
        "Current Debt": 806850000000.0,
        "Pensionand Other Post Retirement Benefit Plans Current": 9407567299.0,
        "Payables": 6078045531252.0,
        "Other Payable": 5648633148367.0,
        "Total Tax Payable": 281643194901.0,
        "Accounts Payable": 147769187984.0,
        "Total Assets": 20551878969983.0,
        "Total Non Current Assets": 5214815831493.0,
        "Non Current Prepaid Assets": 1085254424114.0,
        "Non Current Deferred Taxes Assets": 677960257.0,
        "Investmentin Financial Assets": 2810000000.0,
        "Held To Maturity Securities": 2810000000.0,
        "Long Term Equity Investment": 1126617677595.0,
        "Investmentsin Associatesat Cost": 1126617677595.0,
        "Investment Properties": 67855665152.0,
        "Goodwill And Other Intangible Assets": 9911056560.0,
        "Other Intangible Assets": 9911056560.0,
        "Net PPE": 1090291001235.0,
        "Accumulated Depreciation": -49350129859.0,
        "Gross PPE": 1139641131094.0,
        "Construction In Progress": 960351728671.0,
        "Other Properties": 6342013393.0,
        "Machinery Furniture Equipment": 33883263804.0,
        "Buildings And Improvements": 139064125226.0,
        "Properties": 0.0,
        "Current Assets": 15337063138490.0,
        "Restricted Cash": 409876000.0,
        "Prepaid Assets": 762064505270.0,
        "Inventory": 12192038057983.0,
        "Finished Goods": 12192038057983.0,
        "Other Receivables": 1112047648849.0,
        "Taxes Receivable": 90471315900.0,
        "Accounts Receivable": 664411129660.0,
        "Cash Cash Equivalents And Short Term Investments": 515620604828.0,
        "Other Short Term Investments": 21590348619.0,
        "Cash And Cash Equivalents": 494030256209.0,
        "Cash Equivalents": 493724811825.0,
        "Cash Financial": 305444384.0
      }
    },
    "annual_cash_flow": {
      "2024-12-31 00:00:00": {
        "Free Cash Flow": -4692937750657.0,
        "Repayment Of Debt": -424642357658.0,
        "Issuance Of Debt": 2626608319627.0,
        "Issuance Of Capital Stock": 1342646330000.0,
        "Capital Expenditure": -76735554243.0,
        "End Cash Position": 343676133736.0,
        "Beginning Cash Position": 505106794464.0,
        "Changes In Cash": -161430660728.0,
        "Financing Cash Flow": 3544612291969.0,
        "Cash Dividends Paid": null,
        "Net Common Stock Issuance": 1342646330000.0,
        "Common Stock Issuance": 1342646330000.0,
        "Net Issuance Payments Of Debt": 2201965961969.0,
        "Net Long Term Debt Issuance": 2201965961969.0,
        "Long Term Debt Payments": -424642357658.0,
        "Long Term Debt Issuance": 2626608319627.0,
        "Investing Cash Flow": 910159243717.0,
        "Interest Received Cfi": 7067797960.0,
        "Net Investment Purchase And Sale": -100000000000.0,
        "Purchase Of Investment": -100000000000.0,
        "Net Business Purchase And Sale": 1079827000000.0,
        "Sale Of Business": 1083070000000.0,
        "Purchase Of Business": -3243000000.0,
        "Net PPE Purchase And Sale": -76735554243.0,
        "Purchase Of PPE": -76735554243.0,
        "Operating Cash Flow": -4616202196414.0,
        "Taxes Refund Paid": -192616557907.0,
        "Interest Paid Cfo": -404685941597.0,
        "Change In Working Capital": -4260860446043.0,
        "Change In Payable": -76582238914.0,
        "Change In Prepaid Assets": -34695649813.0,
        "Change In Inventory": -1730318213375.0,
        "Change In Receivables": -2419264343941.0,
        "Other Non Cash Items": 284861000405.0,
        "Provisionand Write Offof Assets": 8500000000.0,
        "Depreciation And Amortization": 16697610399.0,
        "Depreciation": 16697610399.0,
        "Gain Loss On Investment Securities": -351627419094.0,
        "Net Foreign Currency Exchange Gain Loss": 34904157050.0,
        "Net Income From Continuing Operations": 261706612977.0
      },
      "2023-12-31 00:00:00": {
        "Free Cash Flow": 320398178417.0,
        "Repayment Of Debt": -3102557496200.0,
        "Issuance Of Debt": 1748544938370.0,
        "Issuance Of Capital Stock": 682136810000.0,
        "Capital Expenditure": -104996189297.0,
        "End Cash Position": 505106794464.0,
        "Beginning Cash Position": 261762460542.0,
        "Changes In Cash": 243344333922.0,
        "Financing Cash Flow": -671875747830.0,
        "Cash Dividends Paid": null,
        "Net Common Stock Issuance": 682136810000.0,
        "Common Stock Issuance": 682136810000.0,
        "Net Issuance Payments Of Debt": -1354012557830.0,
        "Net Long Term Debt Issuance": -1354012557830.0,
        "Long Term Debt Payments": -3102557496200.0,
        "Long Term Debt Issuance": 1748544938370.0,
        "Investing Cash Flow": 489825714038.0,
        "Interest Received Cfi": 4218863784.0,
        "Net Investment Purchase And Sale": -6000000000.0,
        "Purchase Of Investment": -6000000000.0,
        "Net Business Purchase And Sale": 596603039551.0,
        "Sale Of Business": 600446039551.0,
        "Purchase Of Business": -3843000000.0,
        "Net PPE Purchase And Sale": -104996189297.0,
        "Purchase Of PPE": -104996189297.0,
        "Operating Cash Flow": 425394367714.0,
        "Taxes Refund Paid": -321418299445.0,
        "Interest Paid Cfo": -415876206180.0,
        "Change In Working Capital": 790547950764.0,
        "Change In Payable": -1647478743227.0,
        "Change In Prepaid Assets": -939932083.0,
        "Change In Inventory": -26330423822.0,
        "Change In Receivables": 2465297049896.0,
        "Other Non Cash Items": 377038206693.0,
        "Provisionand Write Offof Assets": 9000000000.0,
        "Depreciation And Amortization": 12685366336.0,
        "Depreciation": 12685366336.0,
        "Gain Loss On Investment Securities": -929012245743.0,
        "Net Foreign Currency Exchange Gain Loss": 22215948341.0,
        "Net Income From Continuing Operations": 889360179562.0
      },
      "2022-12-31 00:00:00": {
        "Free Cash Flow": -3859652963136.0,
        "Repayment Of Debt": -2290041415201.0,
        "Issuance Of Debt": 3249015250161.0,
        "Issuance Of Capital Stock": 2590000000.0,
        "Capital Expenditure": -80901043000.0,
        "End Cash Position": 261762460542.0,
        "Beginning Cash Position": 494030256209.0,
        "Changes In Cash": -232267795667.0,
        "Financing Cash Flow": 961563834960.0,
        "Cash Dividends Paid": null,
        "Net Common Stock Issuance": 2590000000.0,
        "Common Stock Issuance": 2590000000.0,
        "Net Issuance Payments Of Debt": 958973834960.0,
        "Net Long Term Debt Issuance": 958973834960.0,
        "Long Term Debt Payments": -2290041415201.0,
        "Long Term Debt Issuance": 3249015250161.0,
        "Investing Cash Flow": 2584920289509.0,
        "Interest Received Cfi": 8529439509.0,
        "Net Investment Purchase And Sale": 0.0,
        "Purchase Of Investment": 0.0,
        "Net Business Purchase And Sale": 2657291893000.0,
        "Sale Of Business": 4475173000000.0,
        "Purchase Of Business": -1817881107000.0,
        "Net PPE Purchase And Sale": -80901043000.0,
        "Purchase Of PPE": -80901043000.0,
        "Operating Cash Flow": -3778751920136.0,
        "Taxes Refund Paid": -261360792968.0,
        "Interest Paid Cfo": -502929328313.0,
        "Change In Working Capital": -3979419631021.0,
        "Change In Payable": 357835219735.0,
        "Change In Prepaid Assets": -35969853266.0,
        "Change In Inventory": -1627042818804.0,
        "Change In Receivables": -2674242178686.0,
        "Other Non Cash Items": 535341541111.0,
        "Provisionand Write Offof Assets": 0.0,
        "Depreciation And Amortization": 13990105797.0,
        "Depreciation": 13990105797.0,
        "Gain Loss On Investment Securities": -1069612009925.0,
        "Net Foreign Currency Exchange Gain Loss": 24398706415.0,
        "Net Income From Continuing Operations": 1482381063986.0
      },
      "2021-12-31 00:00:00": {
        "Free Cash Flow": 751929872697.0,
        "Repayment Of Debt": -1666427850000.0,
        "Issuance Of Debt": 2901150000000.0,
        "Issuance Of Capital Stock": 1162305988000.0,
        "Capital Expenditure": -45050908771.0,
        "End Cash Position": 494030256209.0,
        "Beginning Cash Position": 53166353724.0,
        "Changes In Cash": 440863902485.0,
        "Financing Cash Flow": 2396976726400.0,
        "Cash Dividends Paid": -51411600.0,
        "Net Common Stock Issuance": 1162305988000.0,
        "Common Stock Issuance": 1162305988000.0,
        "Net Issuance Payments Of Debt": 1234722150000.0,
        "Net Long Term Debt Issuance": 1234722150000.0,
        "Long Term Debt Payments": -1666427850000.0,
        "Long Term Debt Issuance": 2901150000000.0,
        "Investing Cash Flow": -2753093605383.0,
        "Interest Received Cfi": 4182983066.0,
        "Net Investment Purchase And Sale": -12220049419.0,
        "Purchase Of Investment": -12220049419.0,
        "Net Business Purchase And Sale": -2700005630259.0,
        "Sale Of Business": 56112000000.0,
        "Purchase Of Business": -2756117630259.0,
        "Net PPE Purchase And Sale": -45050908771.0,
        "Purchase Of PPE": -45050908771.0,
        "Operating Cash Flow": 796980781468.0,
        "Taxes Refund Paid": -545216750385.0,
        "Interest Paid Cfo": -260153728921.0,
        "Change In Working Capital": -877216100560.0,
        "Change In Payable": 251872775575.0,
        "Change In Prepaid Assets": -121473886544.0,
        "Change In Inventory": 798192263802.0,
        "Change In Receivables": -1805807253393.0,
        "Other Non Cash Items": 163288532278.0,
        "Provisionand Write Offof Assets": null,
        "Depreciation And Amortization": 9537712213.0,
        "Depreciation": 9537712213.0,
        "Gain Loss On Investment Securities": -4082985108.0,
        "Net Foreign Currency Exchange Gain Loss": 0.0,
        "Net Income From Continuing Operations": 2344351806052.0
      }
    }
  },
  "metrics": {
    "symbol": "PDR.VN",
    "timestamp": "2026-01-09T18:25:33.328708",
    "pe_ratio": 84.00292,
    "pb_ratio": 1.422408,
    "dividend_yield": null,
    "beta": 0.095,
    "eps": 205.35,
    "roe": 0.01765,
    "roa": 0.01155,
    "debt_to_equity": 49.345,
    "current_ratio": 2.8,
    "quick_ratio": 0.399,
    "profit_margin": 0.12576,
    "operating_margin": 0.38723,
    "free_cashflow": -2588314435584,
    "52_week_high": 27200.0,
    "52_week_low": 13935.186,
    "revenue": 1613006635008,
    "gross_profit": 664714477568,
    "operating_income": -3580683091968
  },
  "dividends": {
    "symbol": "PDR.VN",
    "timestamp": "2026-01-09T18:25:33.467192",
    "total_records": 0,
    "dividends": []
  },
  "splits": {
    "symbol": "PDR.VN",
    "timestamp": "2026-01-09T18:25:33.503389",
    "total_records": 1,
    "splits": [
      {
        "date": "2025-08-04T00:00:00+07:00",
        "ratio": 1.08
      }
    ]
  }
}