{
  "symbol": "ACB.VN",
  "timestamp": "2026-01-09T18:25:06.952719",
  "quarterly": {
    "symbol": "ACB.VN",
    "timestamp": "2026-01-09T18:25:07.695762",
    "quarterly_financials": {
      "2025-06-30 00:00:00": {
        "Tax Effect Of Unusual Items": 0.0,
        "Tax Rate For Calcs": 0.198936,
        "Net Income From Continuing Operation Net Minority Interest": 4881159000000.0,
        "Reconciled Depreciation": null,
        "Net Interest Income": 6683848000000.0,
        "Interest Expense": 7614847000000.0,
        "Interest Income": 14298695000000.0,
        "Normalized Income": 4881159000000.0,
        "Net Income From Continuing And Discontinued Operation": 4881159000000.0,
        "Diluted Average Shares": 5136656598.0,
        "Basic Average Shares": 5136656598.0,
        "Diluted EPS": 950.259942,
        "Basic EPS": 950.259942,
        "Diluted NI Availto Com Stockholders": 4881159000000.0,
        "Net Income Common Stockholders": 4881159000000.0,
        "Net Income": 4881159000000.0,
        "Net Income Including Noncontrolling Interests": 4881159000000.0,
        "Net Income Continuous Operations": 4881159000000.0,
        "Tax Provision": 1212186000000.0,
        "Pretax Income": 6093345000000.0,
        "Gain On Sale Of Security": 58556000000.0,
        "Operating Expense": 3086850000000.0,
        "Other Operating Expenses": 3086850000000.0,
        "Depreciation And Amortization In Income Statement": null,
        "Depreciation Income Statement": null,
        "Selling General And Administration": null,
        "General And Administrative Expense": null,
        "Insurance And Claims": null,
        "Rent And Landing Fees": null,
        "Total Revenue": 9643234000000.0,
        "Operating Revenue": 9643234000000.0
      },
      "2025-03-31 00:00:00": {
        "Tax Effect Of Unusual Items": 0.0,
        "Tax Rate For Calcs": 0.199787,
        "Net Income From Continuing Operation Net Minority Interest": 3678266000000.0,
        "Reconciled Depreciation": 103631000000.0,
        "Net Interest Income": 6265622000000.0,
        "Interest Expense": 6968441000000.0,
        "Interest Income": 13234063000000.0,
        "Normalized Income": 3678266000000.0,
        "Net Income From Continuing And Discontinued Operation": 3678266000000.0,
        "Diluted Average Shares": 5139739854.0,
        "Basic Average Shares": 5139739854.0,
        "Diluted EPS": 715.652174,
        "Basic EPS": 715.652174,
        "Diluted NI Availto Com Stockholders": 3678266000000.0,
        "Net Income Common Stockholders": 3678266000000.0,
        "Net Income": 3678266000000.0,
        "Net Income Including Noncontrolling Interests": 3678266000000.0,
        "Net Income Continuous Operations": 3678266000000.0,
        "Tax Provision": 918342000000.0,
        "Pretax Income": 4596608000000.0,
        "Gain On Sale Of Security": 1997000000.0,
        "Operating Expense": 2793975000000.0,
        "Other Operating Expenses": 106574000000.0,
        "Depreciation And Amortization In Income Statement": 103631000000.0,
        "Depreciation Income Statement": 103631000000.0,
        "Selling General And Administration": 537161000000.0,
        "General And Administrative Expense": 537161000000.0,
        "Insurance And Claims": 155198000000.0,
        "Rent And Landing Fees": 298317000000.0,
        "Total Revenue": 8016711000000.0,
        "Operating Revenue": 8016711000000.0
      },
      "2024-12-31 00:00:00": {
        "Tax Effect Of Unusual Items": 0.0,
        "Tax Rate For Calcs": 0.198528,
        "Net Income From Continuing Operation Net Minority Interest": 4545364000000.0,
        "Reconciled Depreciation": null,
        "Net Interest Income": 7080291000000.0,
        "Interest Expense": 6438085000000.0,
        "Interest Income": 13518376000000.0,
        "Normalized Income": 4545364000000.0,
        "Net Income From Continuing And Discontinued Operation": 4545364000000.0,
        "Diluted Average Shares": 5136656598.0,
        "Basic Average Shares": 5136656598.0,
        "Diluted EPS": 884.887653,
        "Basic EPS": 884.887653,
        "Diluted NI Availto Com Stockholders": 4545364000000.0,
        "Net Income Common Stockholders": 4545364000000.0,
        "Net Income": 4545364000000.0,
        "Net Income Including Noncontrolling Interests": 4545364000000.0,
        "Net Income Continuous Operations": 4545364000000.0,
        "Tax Provision": 1125907000000.0,
        "Pretax Income": 5671271000000.0,
        "Gain On Sale Of Security": 5463000000.0,
        "Operating Expense": 3086232000000.0,
        "Other Operating Expenses": 3086232000000.0,
        "Depreciation And Amortization In Income Statement": null,
        "Depreciation Income Statement": null,
        "Selling General And Administration": null,
        "General And Administrative Expense": null,
        "Insurance And Claims": null,
        "Rent And Landing Fees": null,
        "Total Revenue": 8905178000000.0,
        "Operating Revenue": 8905178000000.0
      },
      "2024-09-30 00:00:00": {
        "Tax Effect Of Unusual Items": 0.0,
        "Tax Rate For Calcs": 0.200999,
        "Net Income From Continuing Operation Net Minority Interest": 3870395000000.0,
        "Reconciled Depreciation": null,
        "Net Interest Income": 6881387000000.0,
        "Interest Expense": 6040680000000.0,
        "Interest Income": 12922067000000.0,
        "Normalized Income": 3870395000000.0,
        "Net Income From Continuing And Discontinued Operation": 3870395000000.0,
        "Diluted Average Shares": 5136656598.0,
        "Basic Average Shares": 5136656598.0,
        "Diluted EPS": 753.485254,
        "Basic EPS": 753.485254,
        "Diluted NI Availto Com Stockholders": 3870395000000.0,
        "Net Income Common Stockholders": 3870395000000.0,
        "Net Income": 3870395000000.0,
        "Net Income Including Noncontrolling Interests": 3870395000000.0,
        "Net Income Continuous Operations": 3870395000000.0,
        "Tax Provision": 973649000000.0,
        "Pretax Income": 4844044000000.0,
        "Gain On Sale Of Security": 19544000000.0,
        "Operating Expense": 2990019000000.0,
        "Other Operating Expenses": 2990019000000.0,
        "Depreciation And Amortization In Income Statement": null,
        "Depreciation Income Statement": null,
        "Selling General And Administration": null,
        "General And Administrative Expense": null,
        "Insurance And Claims": null,
        "Rent And Landing Fees": null,
        "Total Revenue": 8192306000000.0,
        "Operating Revenue": 8192306000000.0
      },
      "2024-06-30 00:00:00": {
        "Tax Effect Of Unusual Items": 0.0,
        "Tax Rate For Calcs": 0.201787,
        "Net Income From Continuing Operation Net Minority Interest": 4468590000000.0,
        "Reconciled Depreciation": null,
        "Net Interest Income": 7111506000000.0,
        "Interest Expense": 5363206000000.0,
        "Interest Income": 12474712000000.0,
        "Normalized Income": 4468590000000.0,
        "Net Income From Continuing And Discontinued Operation": 4468590000000.0,
        "Diluted Average Shares": 5136656598.0,
        "Basic Average Shares": 5136656598.0,
        "Diluted EPS": 869.941355,
        "Basic EPS": 869.941355,
        "Diluted NI Availto Com Stockholders": 4468590000000.0,
        "Net Income Common Stockholders": 4468590000000.0,
        "Net Income": 4468590000000.0,
        "Net Income Including Noncontrolling Interests": 4468590000000.0,
        "Net Income Continuous Operations": 4468590000000.0,
        "Tax Provision": 1129653000000.0,
        "Pretax Income": 5598243000000.0,
        "Gain On Sale Of Security": 5651000000.0,
        "Operating Expense": 2595019000000.0,
        "Other Operating Expenses": 2595019000000.0,
        "Depreciation And Amortization In Income Statement": null,
        "Depreciation Income Statement": null,
        "Selling General And Administration": null,
        "General And Administrative Expense": null,
        "Insurance And Claims": null,
        "Rent And Landing Fees": null,
        "Total Revenue": 8781412000000.0,
        "Operating Revenue": 8781412000000.0
      }
    },
    "quarterly_balance_sheet": {
      "2025-06-30 00:00:00": {
        "Treasury Shares Number": null,
        "Ordinary Shares Number": 5136656598.0,
        "Share Issued": 5136656598.0,
        "Net Debt": 32108100000000.0,
        "Total Debt": 169661397000000.0,
        "Tangible Book Value": 85037471000000.0,
        "Invested Capital": 256872026000000.0,
        "Net Tangible Assets": 85037471000000.0,
        "Common Stock Equity": 87210629000000.0,
        "Total Capitalization": 256872026000000.0,
        "Total Equity Gross Minority Interest": 87210629000000.0,
        "Stockholders Equity": 87210629000000.0,
        "Retained Earnings": 21026532000000.0,
        "Additional Paid In Capital": 271779000000.0,
        "Capital Stock": 51366566000000.0,
        "Common Stock": 51366566000000.0,
        "Total Liabilities Net Minority Interest": 846330791000000.0,
        "Derivative Product Liabilities": 318849000000.0,
        "Long Term Debt And Capital Lease Obligation": 169661397000000.0,
        "Payables": 13474641000000.0,
        "Other Payable": 13474641000000.0,
        "Accounts Payable": null,
        "Total Assets": 933541420000000.0,
        "Investments And Advances": 150861979000000.0,
        "Investmentin Financial Assets": 150737094000000.0,
        "Held To Maturity Securities": 11915859000000.0,
        "Available For Sale Securities": 133862829000000.0,
        "Trading Securities": 4958406000000.0,
        "Long Term Equity Investment": 124885000000.0,
        "Investments In Other Ventures Under Equity Method": 124885000000.0,
        "Investment Properties": 62310000000.0,
        "Goodwill And Other Intangible Assets": 2173158000000.0,
        "Other Intangible Assets": 2173158000000.0,
        "Net PPE": 3223395000000.0,
        "Accumulated Depreciation": -3460514000000.0,
        "Gross PPE": 6683909000000.0,
        "Construction In Progress": null,
        "Other Properties": null,
        "Machinery Furniture Equipment": null,
        "Buildings And Improvements": null,
        "Prepaid Assets": null,
        "Receivables": 10858929000000.0,
        "Cash And Cash Equivalents": 137553297000000.0,
        "Cash Equivalents": null,
        "Cash Financial": 6666091000000.0,
        "Cash Cash Equivalents And Federal Funds Sold": 137553297000000.0
      },
      "2025-03-31 00:00:00": {
        "Treasury Shares Number": null,
        "Ordinary Shares Number": 5136656598.0,
        "Share Issued": 5136656598.0,
        "Net Debt": null,
        "Total Debt": 143733269000000.0,
        "Tangible Book Value": 84911625000000.0,
        "Invested Capital": 230807846000000.0,
        "Net Tangible Assets": 84911625000000.0,
        "Common Stock Equity": 87074577000000.0,
        "Total Capitalization": 230807846000000.0,
        "Total Equity Gross Minority Interest": 87074577000000.0,
        "Stockholders Equity": 87074577000000.0,
        "Retained Earnings": 27412018000000.0,
        "Additional Paid In Capital": 271779000000.0,
        "Capital Stock": 44666579000000.0,
        "Common Stock": 44666579000000.0,
        "Total Liabilities Net Minority Interest": 804599986000000.0,
        "Derivative Product Liabilities": 171338000000.0,
        "Long Term Debt And Capital Lease Obligation": 143733269000000.0,
        "Payables": 11688523000000.0,
        "Other Payable": 11688523000000.0,
        "Accounts Payable": null,
        "Total Assets": 891674563000000.0,
        "Investments And Advances": 134412611000000.0,
        "Investmentin Financial Assets": 134285838000000.0,
        "Held To Maturity Securities": 11925525000000.0,
        "Available For Sale Securities": 118052779000000.0,
        "Trading Securities": 4307534000000.0,
        "Long Term Equity Investment": 126773000000.0,
        "Investments In Other Ventures Under Equity Method": 126773000000.0,
        "Investment Properties": 177005000000.0,
        "Goodwill And Other Intangible Assets": 2162952000000.0,
        "Other Intangible Assets": 2162952000000.0,
        "Net PPE": 3148991000000.0,
        "Accumulated Depreciation": -3373516000000.0,
        "Gross PPE": 6522507000000.0,
        "Construction In Progress": null,
        "Other Properties": null,
        "Machinery Furniture Equipment": null,
        "Buildings And Improvements": null,
        "Prepaid Assets": null,
        "Receivables": 9525156000000.0,
        "Cash And Cash Equivalents": 148662648000000.0,
        "Cash Equivalents": null,
        "Cash Financial": 5857654000000.0,
        "Cash Cash Equivalents And Federal Funds Sold": 148662648000000.0
      },
      "2024-12-31 00:00:00": {
        "Treasury Shares Number": null,
        "Ordinary Shares Number": 5136656598.0,
        "Share Issued": 5136656598.0,
        "Net Debt": null,
        "Total Debt": 121696160000000.0,
        "Tangible Book Value": 81271506000000.0,
        "Invested Capital": 205157838000000.0,
        "Net Tangible Assets": 81271506000000.0,
        "Common Stock Equity": 83461678000000.0,
        "Total Capitalization": 205157838000000.0,
        "Total Equity Gross Minority Interest": 83461678000000.0,
        "Stockholders Equity": 83461678000000.0,
        "Retained Earnings": 23733752000000.0,
        "Additional Paid In Capital": 271779000000.0,
        "Capital Stock": 44666579000000.0,
        "Common Stock": 44666579000000.0,
        "Total Liabilities Net Minority Interest": 780544025000000.0,
        "Derivative Product Liabilities": 0.0,
        "Long Term Debt And Capital Lease Obligation": 121696160000000.0,
        "Payables": 13074868000000.0,
        "Other Payable": 6029507000000.0,
        "Accounts Payable": 7045361000000.0,
        "Total Assets": 864005703000000.0,
        "Investments And Advances": 125152321000000.0,
        "Investmentin Financial Assets": 125027386000000.0,
        "Held To Maturity Securities": 12171766000000.0,
        "Available For Sale Securities": 108918477000000.0,
        "Trading Securities": 3881151000000.0,
        "Long Term Equity Investment": 124935000000.0,
        "Investments In Other Ventures Under Equity Method": 124935000000.0,
        "Investment Properties": 177005000000.0,
        "Goodwill And Other Intangible Assets": 2190172000000.0,
        "Other Intangible Assets": 2190172000000.0,
        "Net PPE": 3962882000000.0,
        "Accumulated Depreciation": -3282078000000.0,
        "Gross PPE": 7244960000000.0,
        "Construction In Progress": 740684000000.0,
        "Other Properties": 839655000000.0,
        "Machinery Furniture Equipment": 2827613000000.0,
        "Buildings And Improvements": 2837008000000.0,
        "Prepaid Assets": 1627108000000.0,
        "Receivables": 8192868000000.0,
        "Cash And Cash Equivalents": 148697482000000.0,
        "Cash Equivalents": 51138000000.0,
        "Cash Financial": 5645311000000.0,
        "Cash Cash Equivalents And Federal Funds Sold": 148697482000000.0
      },
      "2024-09-30 00:00:00": {
        "Treasury Shares Number": null,
        "Ordinary Shares Number": 5136656598.0,
        "Share Issued": 5136656598.0,
        "Net Debt": null,
        "Total Debt": 104328308000000.0,
        "Tangible Book Value": 77295465000000.0,
        "Invested Capital": 183182569000000.0,
        "Net Tangible Assets": 77295465000000.0,
        "Common Stock Equity": 78854261000000.0,
        "Total Capitalization": 183182569000000.0,
        "Total Equity Gross Minority Interest": 78854261000000.0,
        "Stockholders Equity": 78854261000000.0,
        "Retained Earnings": 22420521000000.0,
        "Additional Paid In Capital": 271779000000.0,
        "Capital Stock": 44666579000000.0,
        "Common Stock": 44666579000000.0,
        "Total Liabilities Net Minority Interest": 698538661000000.0,
        "Derivative Product Liabilities": 0.0,
        "Long Term Debt And Capital Lease Obligation": 104328308000000.0,
        "Payables": 13695709000000.0,
        "Other Payable": 13695709000000.0,
        "Accounts Payable": null,
        "Total Assets": 777392922000000.0,
        "Investments And Advances": 108223556000000.0,
        "Investmentin Financial Assets": 108096131000000.0,
        "Held To Maturity Securities": 11931400000000.0,
        "Available For Sale Securities": 88930991000000.0,
        "Trading Securities": 6965867000000.0,
        "Long Term Equity Investment": 127425000000.0,
        "Investments In Other Ventures Under Equity Method": 127425000000.0,
        "Investment Properties": 177005000000.0,
        "Goodwill And Other Intangible Assets": 1558796000000.0,
        "Other Intangible Assets": 1558796000000.0,
        "Net PPE": 3084190000000.0,
        "Accumulated Depreciation": -3196095000000.0,
        "Gross PPE": 6280285000000.0,
        "Construction In Progress": null,
        "Other Properties": null,
        "Machinery Furniture Equipment": null,
        "Buildings And Improvements": null,
        "Prepaid Assets": null,
        "Receivables": 8589247000000.0,
        "Cash And Cash Equivalents": 106353342000000.0,
        "Cash Equivalents": null,
        "Cash Financial": 5870526000000.0,
        "Cash Cash Equivalents And Federal Funds Sold": 106353342000000.0
      },
      "2024-06-30 00:00:00": {
        "Treasury Shares Number": 0.0,
        "Ordinary Shares Number": 5136656598.0,
        "Share Issued": 5136656598.0,
        "Net Debt": null,
        "Total Debt": 82811838000000.0,
        "Tangible Book Value": 73246543000000.0,
        "Invested Capital": 157604516000000.0,
        "Net Tangible Assets": 73246543000000.0,
        "Common Stock Equity": 74792678000000.0,
        "Total Capitalization": 157604516000000.0,
        "Total Equity Gross Minority Interest": 74792678000000.0,
        "Stockholders Equity": 74792678000000.0,
        "Retained Earnings": 18550126000000.0,
        "Additional Paid In Capital": 271779000000.0,
        "Capital Stock": 44666579000000.0,
        "Common Stock": 44666579000000.0,
        "Total Liabilities Net Minority Interest": 694886022000000.0,
        "Derivative Product Liabilities": 61832000000.0,
        "Long Term Debt And Capital Lease Obligation": 82811838000000.0,
        "Payables": 13366212000000.0,
        "Other Payable": 13366212000000.0,
        "Accounts Payable": null,
        "Total Assets": 769678700000000.0,
        "Investments And Advances": 83343487000000.0,
        "Investmentin Financial Assets": 83214612000000.0,
        "Held To Maturity Securities": 15438107000000.0,
        "Available For Sale Securities": 61651400000000.0,
        "Trading Securities": 6125105000000.0,
        "Long Term Equity Investment": 128875000000.0,
        "Investments In Other Ventures Under Equity Method": 128875000000.0,
        "Investment Properties": 177005000000.0,
        "Goodwill And Other Intangible Assets": 1546135000000.0,
        "Other Intangible Assets": 1546135000000.0,
        "Net PPE": 3119424000000.0,
        "Accumulated Depreciation": -3110594000000.0,
        "Gross PPE": 6230018000000.0,
        "Construction In Progress": null,
        "Other Properties": null,
        "Machinery Furniture Equipment": null,
        "Buildings And Improvements": null,
        "Prepaid Assets": null,
        "Receivables": 8728529000000.0,
        "Cash And Cash Equivalents": 126003372000000.0,
        "Cash Equivalents": null,
        "Cash Financial": 6594138000000.0,
        "Cash Cash Equivalents And Federal Funds Sold": 126003372000000.0
      }
    },
    "quarterly_cash_flow": {
      "2025-06-30 00:00:00": {
        "Free Cash Flow": -5592065000000.0,
        "Repayment Of Debt": 0.0,
        "Issuance Of Debt": 0.0,
        "Capital Expenditure": -101468000000.0,
        "End Cash Position": 125090372000000.0,
        "Beginning Cash Position": 135272610000000.0,
        "Effect Of Exchange Rate Changes": -178449000000.0,
        "Changes In Cash": -10003789000000.0,
        "Financing Cash Flow": -4466658000000.0,
        "Cash Dividends Paid": null,
        "Common Stock Dividend Paid": null,
        "Net Issuance Payments Of Debt": 0.0,
        "Net Long Term Debt Issuance": 0.0,
        "Long Term Debt Payments": 0.0,
        "Long Term Debt Issuance": 0.0,
        "Investing Cash Flow": -46534000000.0,
        "Dividends Received Cfi": 59787000000.0,
        "Net Investment Purchase And Sale": null,
        "Sale Of Investment": null,
        "Purchase Of Investment": null,
        "Net Investment Properties Purchase And Sale": -75950000000.0,
        "Sale Of Investment Properties": 5000000000.0,
        "Purchase Of Investment Properties": null,
        "Net Business Purchase And Sale": 0.0,
        "Sale Of Business": 0.0,
        "Purchase Of Business": 0.0,
        "Net PPE Purchase And Sale": -30371000000.0,
        "Sale Of PPE": 71097000000.0,
        "Purchase Of PPE": -101468000000.0,
        "Operating Cash Flow": -5490597000000.0,
        "Cash Flowsfromusedin Operating Activities Direct": -5490597000000.0,
        "Classesof Cash Payments": -66426707000000.0,
        "Other Cash Paymentsfrom Operating Activities": -13881891000000.0,
        "Paymentson Behalfof Employees": -2387716000000.0,
        "Classesof Cash Receiptsfrom Operating Activities": 60936110000000.0,
        "Other Cash Receiptsfrom Operating Activities": 138651000000.0
      },
      "2025-03-31 00:00:00": {
        "Free Cash Flow": -4490356000000.0,
        "Repayment Of Debt": 0.0,
        "Issuance Of Debt": 0.0,
        "Capital Expenditure": -180662000000.0,
        "End Cash Position": 135272610000000.0,
        "Beginning Cash Position": 139824608000000.0,
        "Effect Of Exchange Rate Changes": -65367000000.0,
        "Changes In Cash": -4486631000000.0,
        "Financing Cash Flow": 0.0,
        "Cash Dividends Paid": null,
        "Common Stock Dividend Paid": null,
        "Net Issuance Payments Of Debt": 0.0,
        "Net Long Term Debt Issuance": 0.0,
        "Long Term Debt Payments": 0.0,
        "Long Term Debt Issuance": 0.0,
        "Investing Cash Flow": -176937000000.0,
        "Dividends Received Cfi": 2856000000.0,
        "Net Investment Purchase And Sale": null,
        "Sale Of Investment": null,
        "Purchase Of Investment": null,
        "Net Investment Properties Purchase And Sale": 0.0,
        "Sale Of Investment Properties": 0.0,
        "Purchase Of Investment Properties": null,
        "Net Business Purchase And Sale": 0.0,
        "Sale Of Business": 0.0,
        "Purchase Of Business": 0.0,
        "Net PPE Purchase And Sale": -179793000000.0,
        "Sale Of PPE": 869000000.0,
        "Purchase Of PPE": -180662000000.0,
        "Operating Cash Flow": -4309694000000.0,
        "Cash Flowsfromusedin Operating Activities Direct": -4309694000000.0,
        "Classesof Cash Payments": -55477785000000.0,
        "Other Cash Paymentsfrom Operating Activities": -11926589000000.0,
        "Paymentson Behalfof Employees": -3197274000000.0,
        "Classesof Cash Receiptsfrom Operating Activities": 51168091000000.0,
        "Other Cash Receiptsfrom Operating Activities": 1003283000000.0
      },
      "2024-12-31 00:00:00": {
        "Free Cash Flow": 37100614000000.0,
        "Repayment Of Debt": 0.0,
        "Issuance Of Debt": 0.0,
        "Capital Expenditure": -418950000000.0,
        "End Cash Position": 139824608000000.0,
        "Beginning Cash Position": 102581485000000.0,
        "Effect Of Exchange Rate Changes": -136071738000000.0,
        "Changes In Cash": 37181070000000.0,
        "Financing Cash Flow": 0.0,
        "Cash Dividends Paid": 0.0,
        "Common Stock Dividend Paid": 0.0,
        "Net Issuance Payments Of Debt": 0.0,
        "Net Long Term Debt Issuance": 0.0,
        "Long Term Debt Payments": 0.0,
        "Long Term Debt Issuance": 0.0,
        "Investing Cash Flow": -338494000000.0,
        "Dividends Received Cfi": 13162000000.0,
        "Net Investment Purchase And Sale": 0.0,
        "Sale Of Investment": 0.0,
        "Purchase Of Investment": 0.0,
        "Net Investment Properties Purchase And Sale": 0.0,
        "Sale Of Investment Properties": null,
        "Purchase Of Investment Properties": null,
        "Net Business Purchase And Sale": null,
        "Sale Of Business": null,
        "Purchase Of Business": null,
        "Net PPE Purchase And Sale": -351656000000.0,
        "Sale Of PPE": 67294000000.0,
        "Purchase Of PPE": -418950000000.0,
        "Operating Cash Flow": 37519564000000.0,
        "Cash Flowsfromusedin Operating Activities Direct": 37519564000000.0,
        "Classesof Cash Payments": -41675566000000.0,
        "Other Cash Paymentsfrom Operating Activities": -16156484000000.0,
        "Paymentson Behalfof Employees": -2786919000000.0,
        "Classesof Cash Receiptsfrom Operating Activities": 79195130000000.0,
        "Other Cash Receiptsfrom Operating Activities": -404771000000.0
      },
      "2024-09-30 00:00:00": {
        "Free Cash Flow": -16647667000000.0,
        "Repayment Of Debt": 0.0,
        "Issuance Of Debt": 0.0,
        "Capital Expenditure": -118764000000.0,
        "End Cash Position": 102581485000000.0,
        "Beginning Cash Position": 119023619000000.0,
        "Effect Of Exchange Rate Changes": 136324979000000.0,
        "Changes In Cash": -16633322000000.0,
        "Financing Cash Flow": 0.0,
        "Cash Dividends Paid": 0.0,
        "Common Stock Dividend Paid": 0.0,
        "Net Issuance Payments Of Debt": 0.0,
        "Net Long Term Debt Issuance": 0.0,
        "Long Term Debt Payments": 0.0,
        "Long Term Debt Issuance": 0.0,
        "Investing Cash Flow": -104419000000.0,
        "Dividends Received Cfi": 10063000000.0,
        "Net Investment Purchase And Sale": 3507000000.0,
        "Sale Of Investment": 3507000000.0,
        "Purchase Of Investment": 0.0,
        "Net Investment Properties Purchase And Sale": 0.0,
        "Sale Of Investment Properties": null,
        "Purchase Of Investment Properties": 0.0,
        "Net Business Purchase And Sale": null,
        "Sale Of Business": null,
        "Purchase Of Business": null,
        "Net PPE Purchase And Sale": -117989000000.0,
        "Sale Of PPE": 775000000.0,
        "Purchase Of PPE": -118764000000.0,
        "Operating Cash Flow": -16528903000000.0,
        "Cash Flowsfromusedin Operating Activities Direct": -16528903000000.0,
        "Classesof Cash Payments": -49826429000000.0,
        "Other Cash Paymentsfrom Operating Activities": -24917850000000.0,
        "Paymentson Behalfof Employees": -2390535000000.0,
        "Classesof Cash Receiptsfrom Operating Activities": 33297526000000.0,
        "Other Cash Receiptsfrom Operating Activities": -786540000000.0
      },
      "2024-06-30 00:00:00": {
        "Free Cash Flow": -3497341000000.0,
        "Repayment Of Debt": 0.0,
        "Issuance Of Debt": 0.0,
        "Capital Expenditure": -347301000000.0,
        "End Cash Position": 119023619000000.0,
        "Beginning Cash Position": 126501216000000.0,
        "Effect Of Exchange Rate Changes": -182593000000.0,
        "Changes In Cash": -7295004000000.0,
        "Financing Cash Flow": -3884051000000.0,
        "Cash Dividends Paid": null,
        "Common Stock Dividend Paid": null,
        "Net Issuance Payments Of Debt": 0.0,
        "Net Long Term Debt Issuance": 0.0,
        "Long Term Debt Payments": 0.0,
        "Long Term Debt Issuance": 0.0,
        "Investing Cash Flow": -260913000000.0,
        "Dividends Received Cfi": 6746000000.0,
        "Net Investment Purchase And Sale": 3010520000000.0,
        "Sale Of Investment": 10520000000.0,
        "Purchase Of Investment": 3000000000000.0,
        "Net Investment Properties Purchase And Sale": 0.0,
        "Sale Of Investment Properties": 0.0,
        "Purchase Of Investment Properties": null,
        "Net Business Purchase And Sale": 0.0,
        "Sale Of Business": 0.0,
        "Purchase Of Business": 0.0,
        "Net PPE Purchase And Sale": -267659000000.0,
        "Sale Of PPE": 79642000000.0,
        "Purchase Of PPE": -347301000000.0,
        "Operating Cash Flow": -3150040000000.0,
        "Cash Flowsfromusedin Operating Activities Direct": -3150040000000.0,
        "Classesof Cash Payments": -48856658000000.0,
        "Other Cash Paymentsfrom Operating Activities": 781161000000.0,
        "Paymentson Behalfof Employees": -2109052000000.0,
        "Classesof Cash Receiptsfrom Operating Activities": 45706618000000.0,
        "Other Cash Receiptsfrom Operating Activities": 664893000000.0
      }
    }
  },
  "annual": {
    "symbol": "ACB.VN",
    "timestamp": "2026-01-09T18:25:08.179101",
    "annual_financials": {
      "2024-12-31 00:00:00": {
        "Tax Effect Of Unusual Items": 0.0,
        "Tax Rate For Calcs": 0.200711,
        "Net Income From Continuing Operation Net Minority Interest": 16789768000000.0,
        "Reconciled Depreciation": 433368000000.0,
        "Net Interest Income": 27489487000000.0,
        "Interest Expense": 23108047000000.0,
        "Interest Income": 50597534000000.0,
        "Normalized Income": 16789768000000.0,
        "Net Income From Continuing And Discontinued Operation": 16789768000000.0,
        "Diluted Average Shares": 5136656598.0,
        "Basic Average Shares": 5136656598.0,
        "Diluted EPS": 3190.434783,
        "Basic EPS": 3190.434783,
        "Diluted NI Availto Com Stockholders": 16389768000000.0,
        "Net Income Common Stockholders": 16389768000000.0,
        "Otherunder Preferred Stock Dividend": 400000000000.0,
        "Net Income": 16789768000000.0,
        "Net Income Including Noncontrolling Interests": 16789768000000.0,
        "Net Income Continuous Operations": 16789768000000.0,
        "Tax Provision": 4216103000000.0,
        "Pretax Income": 21005871000000.0,
        "Operating Expense": 11050709000000.0,
        "Other Operating Expenses": 149760000000.0,
        "Depreciation And Amortization In Income Statement": 433368000000.0,
        "Depreciation Income Statement": 433368000000.0,
        "Selling General And Administration": 2212159000000.0,
        "General And Administrative Expense": 2212159000000.0,
        "Insurance And Claims": 574929000000.0,
        "Rent And Landing Fees": 1212164000000.0,
        "Total Revenue": 32921927000000.0,
        "Operating Revenue": 32921927000000.0
      },
      "2023-12-31 00:00:00": {
        "Tax Effect Of Unusual Items": 0.0,
        "Tax Rate For Calcs": 0.200482,
        "Net Income From Continuing Operation Net Minority Interest": 16044733000000.0,
        "Reconciled Depreciation": 392052000000.0,
        "Net Interest Income": 24671295000000.0,
        "Interest Expense": 27387226000000.0,
        "Interest Income": 52058521000000.0,
        "Normalized Income": 16044733000000.0,
        "Net Income From Continuing And Discontinued Operation": 16044733000000.0,
        "Diluted Average Shares": 5136656598.0,
        "Basic Average Shares": 5136656598.0,
        "Diluted EPS": 3094.782609,
        "Basic EPS": 3094.782609,
        "Diluted NI Availto Com Stockholders": 15894733000000.0,
        "Net Income Common Stockholders": 15894733000000.0,
        "Otherunder Preferred Stock Dividend": 150000000000.0,
        "Net Income": 16044733000000.0,
        "Net Income Including Noncontrolling Interests": 16044733000000.0,
        "Net Income Continuous Operations": 16044733000000.0,
        "Tax Provision": 4023266000000.0,
        "Pretax Income": 20067999000000.0,
        "Operating Expense": 11054845000000.0,
        "Other Operating Expenses": 208553000000.0,
        "Depreciation And Amortization In Income Statement": 392052000000.0,
        "Depreciation Income Statement": 392052000000.0,
        "Selling General And Administration": 2346192000000.0,
        "General And Administrative Expense": 2346192000000.0,
        "Insurance And Claims": 504504000000.0,
        "Rent And Landing Fees": 1388337000000.0,
        "Total Revenue": 32046896000000.0,
        "Operating Revenue": 32046896000000.0
      },
      "2022-12-31 00:00:00": {
        "Tax Effect Of Unusual Items": 0.0,
        "Tax Rate For Calcs": 0.200185,
        "Net Income From Continuing Operation Net Minority Interest": 13688193000000.0,
        "Reconciled Depreciation": 367440000000.0,
        "Net Interest Income": 23263811000000.0,
        "Interest Expense": 17165305000000.0,
        "Interest Income": 40429116000000.0,
        "Normalized Income": 13688193000000.0,
        "Net Income From Continuing And Discontinued Operation": 13688193000000.0,
        "Diluted Average Shares": 5136656598.0,
        "Basic Average Shares": 5136656598.0,
        "Diluted EPS": 2635.916824,
        "Basic EPS": 2635.916824,
        "Diluted NI Availto Com Stockholders": 13538193000000.0,
        "Net Income Common Stockholders": 13538193000000.0,
        "Otherunder Preferred Stock Dividend": 150000000000.0,
        "Net Income": 13688193000000.0,
        "Net Income Including Noncontrolling Interests": 13688193000000.0,
        "Net Income Continuous Operations": 13688193000000.0,
        "Tax Provision": 3426015000000.0,
        "Pretax Income": 17114208000000.0,
        "Operating Expense": 11624715000000.0,
        "Other Operating Expenses": 79307000000.0,
        "Depreciation And Amortization In Income Statement": 367440000000.0,
        "Depreciation Income Statement": 367440000000.0,
        "Selling General And Administration": 3286908000000.0,
        "General And Administrative Expense": 3286908000000.0,
        "Insurance And Claims": 455482000000.0,
        "Rent And Landing Fees": 1366284000000.0,
        "Total Revenue": 28022933000000.0,
        "Operating Revenue": 28022933000000.0
      },
      "2021-12-31 00:00:00": {
        "Tax Effect Of Unusual Items": 0.0,
        "Tax Rate For Calcs": 0.199645,
        "Net Income From Continuing Operation Net Minority Interest": 9602746000000.0,
        "Reconciled Depreciation": 374435000000.0,
        "Net Interest Income": 18703487000000.0,
        "Interest Expense": 14769018000000.0,
        "Interest Income": 33472505000000.0,
        "Normalized Income": 9602746000000.0,
        "Net Income From Continuing And Discontinued Operation": 9602746000000.0,
        "Diluted Average Shares": 5136656598.0,
        "Basic Average Shares": 5136656598.0,
        "Diluted EPS": 1840.387935,
        "Basic EPS": 1840.387935,
        "Diluted NI Availto Com Stockholders": 9452746000000.0,
        "Net Income Common Stockholders": 9452746000000.0,
        "Otherunder Preferred Stock Dividend": 150000000000.0,
        "Net Income": 9602746000000.0,
        "Net Income Including Noncontrolling Interests": 9602746000000.0,
        "Net Income Continuous Operations": 9602746000000.0,
        "Tax Provision": 2395366000000.0,
        "Pretax Income": 11998112000000.0,
        "Operating Expense": 8287635000000.0,
        "Other Operating Expenses": -689579000000.0,
        "Depreciation And Amortization In Income Statement": 374435000000.0,
        "Depreciation Income Statement": 374435000000.0,
        "Selling General And Administration": 1736532000000.0,
        "General And Administrative Expense": 1736532000000.0,
        "Insurance And Claims": 419539000000.0,
        "Rent And Landing Fees": 1317924000000.0,
        "Total Revenue": 23407649000000.0,
        "Operating Revenue": 23407649000000.0
      }
    },
    "annual_balance_sheet": {
      "2024-12-31 00:00:00": {
        "Ordinary Shares Number": 5136656598.0,
        "Share Issued": 5136656598.0,
        "Total Debt": 121696160000000.0,
        "Tangible Book Value": 81271506000000.0,
        "Invested Capital": 205157838000000.0,
        "Net Tangible Assets": 81271506000000.0,
        "Common Stock Equity": 83461678000000.0,
        "Total Capitalization": 205157838000000.0,
        "Total Equity Gross Minority Interest": 83461678000000.0,
        "Stockholders Equity": 83461678000000.0,
        "Retained Earnings": 23733752000000.0,
        "Additional Paid In Capital": 271779000000.0,
        "Capital Stock": 44666579000000.0,
        "Common Stock": 44666579000000.0,
        "Total Liabilities Net Minority Interest": 780544025000000.0,
        "Derivative Product Liabilities": 0.0,
        "Long Term Debt And Capital Lease Obligation": 121696160000000.0,
        "Payables": 13074868000000.0,
        "Other Payable": 6029507000000.0,
        "Accounts Payable": 7045361000000.0,
        "Total Assets": 864005703000000.0,
        "Investments And Advances": 125152321000000.0,
        "Investmentin Financial Assets": 125027386000000.0,
        "Held To Maturity Securities": 12171766000000.0,
        "Available For Sale Securities": 108918477000000.0,
        "Trading Securities": 3881151000000.0,
        "Long Term Equity Investment": 124935000000.0,
        "Investmentsin Joint Venturesat Cost": null,
        "Investments In Other Ventures Under Equity Method": 124935000000.0,
        "Investmentsin Associatesat Cost": null,
        "Investment Properties": 177005000000.0,
        "Goodwill And Other Intangible Assets": 2190172000000.0,
        "Other Intangible Assets": 2190172000000.0,
        "Net PPE": 3962882000000.0,
        "Accumulated Depreciation": -3282078000000.0,
        "Gross PPE": 7244960000000.0,
        "Construction In Progress": 740684000000.0,
        "Other Properties": 839655000000.0,
        "Machinery Furniture Equipment": 2827613000000.0,
        "Buildings And Improvements": 2837008000000.0,
        "Prepaid Assets": 1627108000000.0,
        "Receivables": 8192868000000.0,
        "Cash And Cash Equivalents": 148697482000000.0,
        "Cash Equivalents": 51138000000.0,
        "Cash Financial": 5645311000000.0,
        "Cash Cash Equivalents And Federal Funds Sold": 148697482000000.0
      },
      "2023-12-31 00:00:00": {
        "Ordinary Shares Number": 5136656598.0,
        "Share Issued": 5136656598.0,
        "Total Debt": 61238737000000.0,
        "Tangible Book Value": 69510968000000.0,
        "Invested Capital": 132194698000000.0,
        "Net Tangible Assets": 69510968000000.0,
        "Common Stock Equity": 70955961000000.0,
        "Total Capitalization": 132194698000000.0,
        "Total Equity Gross Minority Interest": 70955961000000.0,
        "Stockholders Equity": 70955961000000.0,
        "Retained Earnings": 20286243000000.0,
        "Additional Paid In Capital": 271779000000.0,
        "Capital Stock": 38840504000000.0,
        "Common Stock": 38840504000000.0,
        "Total Liabilities Net Minority Interest": 647838628000000.0,
        "Derivative Product Liabilities": 117126000000.0,
        "Long Term Debt And Capital Lease Obligation": 61238737000000.0,
        "Payables": 13733435000000.0,
        "Other Payable": 6051250000000.0,
        "Accounts Payable": 7682185000000.0,
        "Total Assets": 718794589000000.0,
        "Investments And Advances": 80780441000000.0,
        "Investmentin Financial Assets": 80640416000000.0,
        "Held To Maturity Securities": 28559579000000.0,
        "Available For Sale Securities": 44903768000000.0,
        "Trading Securities": 7177069000000.0,
        "Long Term Equity Investment": 140025000000.0,
        "Investmentsin Joint Venturesat Cost": null,
        "Investments In Other Ventures Under Equity Method": 140025000000.0,
        "Investmentsin Associatesat Cost": null,
        "Investment Properties": 177005000000.0,
        "Goodwill And Other Intangible Assets": 1444993000000.0,
        "Other Intangible Assets": 1444993000000.0,
        "Net PPE": 4492542000000.0,
        "Accumulated Depreciation": -2939343000000.0,
        "Gross PPE": 7431885000000.0,
        "Construction In Progress": 1174974000000.0,
        "Other Properties": 774962000000.0,
        "Machinery Furniture Equipment": 2791386000000.0,
        "Buildings And Improvements": 2690563000000.0,
        "Prepaid Assets": 1170547000000.0,
        "Receivables": 8213941000000.0,
        "Cash And Cash Equivalents": 140058116000000.0,
        "Cash Equivalents": 266634000000.0,
        "Cash Financial": 6642666000000.0,
        "Cash Cash Equivalents And Federal Funds Sold": 140058116000000.0
      },
      "2022-12-31 00:00:00": {
        "Ordinary Shares Number": 5136656598.0,
        "Share Issued": 5136656598.0,
        "Total Debt": 52202663000000.0,
        "Tangible Book Value": 57307019000000.0,
        "Invested Capital": 110641326000000.0,
        "Net Tangible Assets": 57307019000000.0,
        "Common Stock Equity": 58438663000000.0,
        "Total Capitalization": 110641326000000.0,
        "Total Equity Gross Minority Interest": 58438663000000.0,
        "Stockholders Equity": 58438663000000.0,
        "Retained Earnings": 15172408000000.0,
        "Additional Paid In Capital": 271779000000.0,
        "Capital Stock": 33774351000000.0,
        "Common Stock": 33774351000000.0,
        "Total Liabilities Net Minority Interest": 549436522000000.0,
        "Derivative Product Liabilities": 0.0,
        "Long Term Debt And Capital Lease Obligation": 52202663000000.0,
        "Payables": 12877703000000.0,
        "Other Payable": 7313432000000.0,
        "Accounts Payable": 5564271000000.0,
        "Total Assets": 607875185000000.0,
        "Investments And Advances": 76913007000000.0,
        "Investmentin Financial Assets": 76766193000000.0,
        "Held To Maturity Securities": 43679879000000.0,
        "Available For Sale Securities": 31854915000000.0,
        "Trading Securities": 1131327000000.0,
        "Long Term Equity Investment": 146814000000.0,
        "Investmentsin Joint Venturesat Cost": null,
        "Investments In Other Ventures Under Equity Method": 146814000000.0,
        "Investmentsin Associatesat Cost": null,
        "Investment Properties": 177005000000.0,
        "Goodwill And Other Intangible Assets": 1131644000000.0,
        "Other Intangible Assets": 1131644000000.0,
        "Net PPE": 3434358000000.0,
        "Accumulated Depreciation": -2674055000000.0,
        "Gross PPE": 6108413000000.0,
        "Construction In Progress": 584626000000.0,
        "Other Properties": 697103000000.0,
        "Machinery Furniture Equipment": 2195241000000.0,
        "Buildings And Improvements": 2631443000000.0,
        "Prepaid Assets": 1191210000000.0,
        "Receivables": 8065171000000.0,
        "Cash And Cash Equivalents": 104457185000000.0,
        "Cash Equivalents": 156998000000.0,
        "Cash Financial": 8303894000000.0,
        "Cash Cash Equivalents And Federal Funds Sold": 104457185000000.0
      },
      "2021-12-31 00:00:00": {
        "Ordinary Shares Number": 5136656598.0,
        "Share Issued": 5136656598.0,
        "Total Debt": 43647317000000.0,
        "Tangible Book Value": 43823431000000.0,
        "Invested Capital": 88548226000000.0,
        "Net Tangible Assets": 43823431000000.0,
        "Common Stock Equity": 44900909000000.0,
        "Total Capitalization": 88548226000000.0,
        "Total Equity Gross Minority Interest": 44900909000000.0,
        "Stockholders Equity": 44900909000000.0,
        "Retained Earnings": 10445352000000.0,
        "Additional Paid In Capital": 271779000000.0,
        "Capital Stock": 27019481000000.0,
        "Common Stock": 27019481000000.0,
        "Total Liabilities Net Minority Interest": 482869035000000.0,
        "Derivative Product Liabilities": null,
        "Long Term Debt And Capital Lease Obligation": 43647317000000.0,
        "Payables": 8133650000000.0,
        "Other Payable": 3496069000000.0,
        "Accounts Payable": 4637581000000.0,
        "Total Assets": 527769944000000.0,
        "Investments And Advances": 71132805000000.0,
        "Investmentin Financial Assets": 70960880000000.0,
        "Held To Maturity Securities": 49743071000000.0,
        "Available For Sale Securities": 9731533000000.0,
        "Trading Securities": 11259731000000.0,
        "Long Term Equity Investment": 171925000000.0,
        "Investmentsin Joint Venturesat Cost": 0.0,
        "Investments In Other Ventures Under Equity Method": 171925000000.0,
        "Investmentsin Associatesat Cost": 0.0,
        "Investment Properties": 216027000000.0,
        "Goodwill And Other Intangible Assets": 1077478000000.0,
        "Other Intangible Assets": 1077478000000.0,
        "Net PPE": 3164617000000.0,
        "Accumulated Depreciation": -2438344000000.0,
        "Gross PPE": 5602961000000.0,
        "Construction In Progress": 479547000000.0,
        "Other Properties": 636285000000.0,
        "Machinery Furniture Equipment": 1881960000000.0,
        "Buildings And Improvements": 2605169000000.0,
        "Prepaid Assets": 827151000000.0,
        "Receivables": 5605557000000.0,
        "Cash And Cash Equivalents": 83572681000000.0,
        "Cash Equivalents": 72383000000.0,
        "Cash Financial": 7437494000000.0,
        "Cash Cash Equivalents And Federal Funds Sold": 83572681000000.0
      }
    },
    "annual_cash_flow": {
      "2024-12-31 00:00:00": {
        "Free Cash Flow": 7450491000000.0,
        "Repayment Of Debt": 0.0,
        "Issuance Of Debt": 0.0,
        "Capital Expenditure": -919740000000.0,
        "End Cash Position": 139824608000000.0,
        "Beginning Cash Position": 136071738000000.0,
        "Effect Of Exchange Rate Changes": 0.0,
        "Changes In Cash": 3752870000000.0,
        "Financing Cash Flow": -3884051000000.0,
        "Cash Dividends Paid": -3884051000000.0,
        "Common Stock Dividend Paid": -3884051000000.0,
        "Net Issuance Payments Of Debt": 0.0,
        "Net Long Term Debt Issuance": 0.0,
        "Long Term Debt Payments": 0.0,
        "Long Term Debt Issuance": 0.0,
        "Investing Cash Flow": -733310000000.0,
        "Dividends Received Cfi": 35058000000.0,
        "Net Investment Purchase And Sale": 3507000000.0,
        "Sale Of Investment": 3507000000.0,
        "Purchase Of Investment": 0.0,
        "Net Investment Properties Purchase And Sale": 0.0,
        "Sale Of Investment Properties": 0.0,
        "Purchase Of Investment Properties": null,
        "Net PPE Purchase And Sale": -771875000000.0,
        "Sale Of PPE": 147865000000.0,
        "Purchase Of PPE": -919740000000.0,
        "Operating Cash Flow": 8370231000000.0,
        "Cash Flowsfromusedin Operating Activities Direct": 8370231000000.0,
        "Classesof Cash Payments": -181345355000000.0,
        "Other Cash Paymentsfrom Operating Activities": -43913353000000.0,
        "Paymentson Behalfof Employees": -10747138000000.0,
        "Classesof Cash Receiptsfrom Operating Activities": 189715586000000.0,
        "Other Cash Receiptsfrom Operating Activities": 1114716000000.0
      },
      "2023-12-31 00:00:00": {
        "Free Cash Flow": 35859952000000.0,
        "Repayment Of Debt": 0.0,
        "Issuance Of Debt": 0.0,
        "Capital Expenditure": -1276249000000.0,
        "End Cash Position": 136071738000000.0,
        "Beginning Cash Position": 103510228000000.0,
        "Effect Of Exchange Rate Changes": 0.0,
        "Changes In Cash": 32561510000000.0,
        "Financing Cash Flow": -3377435000000.0,
        "Cash Dividends Paid": -3377435000000.0,
        "Common Stock Dividend Paid": -3377435000000.0,
        "Net Issuance Payments Of Debt": 0.0,
        "Net Long Term Debt Issuance": 0.0,
        "Long Term Debt Payments": 0.0,
        "Long Term Debt Issuance": 0.0,
        "Investing Cash Flow": -1197256000000.0,
        "Dividends Received Cfi": 74955000000.0,
        "Net Investment Purchase And Sale": 0.0,
        "Sale Of Investment": 0.0,
        "Purchase Of Investment": 0.0,
        "Net Investment Properties Purchase And Sale": 0.0,
        "Sale Of Investment Properties": 0.0,
        "Purchase Of Investment Properties": null,
        "Net PPE Purchase And Sale": -1272211000000.0,
        "Sale Of PPE": 4038000000.0,
        "Purchase Of PPE": -1276249000000.0,
        "Operating Cash Flow": 37136201000000.0,
        "Cash Flowsfromusedin Operating Activities Direct": 37136201000000.0,
        "Classesof Cash Payments": -120997296000000.0,
        "Other Cash Paymentsfrom Operating Activities": -5473892000000.0,
        "Paymentson Behalfof Employees": -10567861000000.0,
        "Classesof Cash Receiptsfrom Operating Activities": 158133497000000.0,
        "Other Cash Receiptsfrom Operating Activities": 880179000000.0
      },
      "2022-12-31 00:00:00": {
        "Free Cash Flow": 20763026000000.0,
        "Repayment Of Debt": 0.0,
        "Issuance Of Debt": null,
        "Capital Expenditure": -511513000000.0,
        "End Cash Position": 103510228000000.0,
        "Beginning Cash Position": 82601567000000.0,
        "Effect Of Exchange Rate Changes": null,
        "Changes In Cash": 20908661000000.0,
        "Financing Cash Flow": 0.0,
        "Cash Dividends Paid": null,
        "Common Stock Dividend Paid": null,
        "Net Issuance Payments Of Debt": 0.0,
        "Net Long Term Debt Issuance": 0.0,
        "Long Term Debt Payments": 0.0,
        "Long Term Debt Issuance": null,
        "Investing Cash Flow": -365878000000.0,
        "Dividends Received Cfi": 59599000000.0,
        "Net Investment Purchase And Sale": -4069000000.0,
        "Sale Of Investment": 6451000000.0,
        "Purchase Of Investment": -10520000000.0,
        "Net Investment Properties Purchase And Sale": 85364000000.0,
        "Sale Of Investment Properties": 85364000000.0,
        "Purchase Of Investment Properties": null,
        "Net PPE Purchase And Sale": -506772000000.0,
        "Sale Of PPE": 4741000000.0,
        "Purchase Of PPE": -511513000000.0,
        "Operating Cash Flow": 21274539000000.0,
        "Cash Flowsfromusedin Operating Activities Direct": 21274539000000.0,
        "Classesof Cash Payments": -88131773000000.0,
        "Other Cash Paymentsfrom Operating Activities": -6675941000000.0,
        "Paymentson Behalfof Employees": -10817313000000.0,
        "Classesof Cash Receiptsfrom Operating Activities": 109406312000000.0,
        "Other Cash Receiptsfrom Operating Activities": 592523000000.0
      },
      "2021-12-31 00:00:00": {
        "Free Cash Flow": 39289799000000.0,
        "Repayment Of Debt": -2884000000000.0,
        "Issuance Of Debt": 0.0,
        "Capital Expenditure": -636100000000.0,
        "End Cash Position": 82601567000000.0,
        "Beginning Cash Position": 46022071000000.0,
        "Effect Of Exchange Rate Changes": null,
        "Changes In Cash": 36579496000000.0,
        "Financing Cash Flow": -2884000000000.0,
        "Cash Dividends Paid": null,
        "Common Stock Dividend Paid": null,
        "Net Issuance Payments Of Debt": -2884000000000.0,
        "Net Long Term Debt Issuance": -2884000000000.0,
        "Long Term Debt Payments": -2884000000000.0,
        "Long Term Debt Issuance": 0.0,
        "Investing Cash Flow": -462403000000.0,
        "Dividends Received Cfi": 21979000000.0,
        "Net Investment Purchase And Sale": 0.0,
        "Sale Of Investment": 0.0,
        "Purchase Of Investment": 0.0,
        "Net Investment Properties Purchase And Sale": 148453000000.0,
        "Sale Of Investment Properties": 148453000000.0,
        "Purchase Of Investment Properties": 0.0,
        "Net PPE Purchase And Sale": -632835000000.0,
        "Sale Of PPE": 3265000000.0,
        "Purchase Of PPE": -636100000000.0,
        "Operating Cash Flow": 39925899000000.0,
        "Cash Flowsfromusedin Operating Activities Direct": 39925899000000.0,
        "Classesof Cash Payments": -77690014000000.0,
        "Other Cash Paymentsfrom Operating Activities": -778124000000.0,
        "Paymentson Behalfof Employees": -8551243000000.0,
        "Classesof Cash Receiptsfrom Operating Activities": 117615913000000.0,
        "Other Cash Receiptsfrom Operating Activities": 9000030000000.0
      }
    }
  },
  "metrics": {
    "symbol": "ACB.VN",
    "timestamp": "2026-01-09T18:25:08.695348",
    "pe_ratio": 7.2992697,
    "pb_ratio": 1.3794698,
    "dividend_yield": 4.07,
    "beta": 0.406,
    "eps": 3363.35,
    "roe": 0.20421,
    "roa": 0.02015,
    "debt_to_equity": null,
    "current_ratio": null,
    "quick_ratio": null,
    "profit_margin": 0.53296,
    "operating_margin": 0.66476995,
    "free_cashflow": null,
    "52_week_high": 29500.0,
    "52_week_low": 18043.479,
    "revenue": 32620626837504,
    "gross_profit": 32620626837504,
    "operating_income": -98233065930752
  },
  "dividends": {
    "symbol": "ACB.VN",
    "timestamp": "2026-01-09T18:25:08.891360",
    "total_records": 2,
    "dividends": [
      {
        "date": "2024-05-31T00:00:00+07:00",
        "amount": 1000.0
      },
      {
        "date": "2025-05-23T00:00:00+07:00",
        "amount": 1000.0
      }
    ]
  },
  "splits": {
    "symbol": "ACB.VN",
    "timestamp": "2026-01-09T18:25:08.931343",
    "total_records": 2,
    "splits": [
      {
        "date": "2024-05-31T00:00:00+07:00",
        "ratio": 1.15
      },
      {
        "date": "2025-05-23T00:00:00+07:00",
        "ratio": 1.15
      }
    ]
  }
}