{
  "symbol": "STB.VN",
  "timestamp": "2026-01-09T18:25:43.233447",
  "quarterly": {
    "symbol": "STB.VN",
    "timestamp": "2026-01-09T18:25:43.526304",
    "quarterly_financials": {
      "2025-06-30 00:00:00": {
        "Tax Effect Of Unusual Items": 0.0,
        "Tax Rate For Calcs": 0.208803,
        "Net Income From Continuing Operation Net Minority Interest": 2893598000000.0,
        "Reconciled Depreciation": null,
        "Net Interest Income": 6585077000000.0,
        "Interest Expense": 7272905000000.0,
        "Interest Income": 13857982000000.0,
        "Normalized Income": 2893598000000.0,
        "Net Income From Continuing And Discontinued Operation": 2893598000000.0,
        "Diluted Average Shares": 1885215716.0,
        "Basic Average Shares": 1885215716.0,
        "Diluted EPS": 1534.889602,
        "Basic EPS": 1534.889602,
        "Diluted NI Availto Com Stockholders": 2893598000000.0,
        "Net Income Common Stockholders": 2893598000000.0,
        "Otherunder Preferred Stock Dividend": null,
        "Net Income": 2893598000000.0,
        "Minority Interests": 0.0,
        "Net Income Including Noncontrolling Interests": 2893598000000.0,
        "Net Income Continuous Operations": 2893598000000.0,
        "Tax Provision": 763644000000.0,
        "Pretax Income": 3657242000000.0,
        "Gain On Sale Of Security": 1747000000.0,
        "Operating Expense": 3293539000000.0,
        "Other Operating Expenses": 3293539000000.0,
        "Depreciation And Amortization In Income Statement": null,
        "Depreciation Income Statement": null,
        "Insurance And Claims": null,
        "Total Revenue": 7863102000000.0,
        "Operating Revenue": 7863102000000.0
      },
      "2025-03-31 00:00:00": {
        "Tax Effect Of Unusual Items": 0.0,
        "Tax Rate For Calcs": 0.211576,
        "Net Income From Continuing Operation Net Minority Interest": 2896692000000.0,
        "Reconciled Depreciation": 230345000000.0,
        "Net Interest Income": 6863173000000.0,
        "Interest Expense": 6785688000000.0,
        "Interest Income": 13648861000000.0,
        "Normalized Income": 2896692000000.0,
        "Net Income From Continuing And Discontinued Operation": 2896692000000.0,
        "Diluted Average Shares": 1885215716.0,
        "Basic Average Shares": 1885215716.0,
        "Diluted EPS": 5767.0,
        "Basic EPS": 5767.0,
        "Diluted NI Availto Com Stockholders": 10872782000000.0,
        "Net Income Common Stockholders": 10872782000000.0,
        "Otherunder Preferred Stock Dividend": -7976090000000.0,
        "Net Income": 2896692000000.0,
        "Minority Interests": 0.0,
        "Net Income Including Noncontrolling Interests": 2896692000000.0,
        "Net Income Continuous Operations": 2896692000000.0,
        "Tax Provision": 777338000000.0,
        "Pretax Income": 3674030000000.0,
        "Gain On Sale Of Security": -349000000.0,
        "Operating Expense": 4167847000000.0,
        "Other Operating Expenses": 1511155000000.0,
        "Depreciation And Amortization In Income Statement": 230345000000.0,
        "Depreciation Income Statement": 230345000000.0,
        "Insurance And Claims": 348429000000.0,
        "Total Revenue": 8037625000000.0,
        "Operating Revenue": 8037625000000.0
      },
      "2024-12-31 00:00:00": {
        "Tax Effect Of Unusual Items": 0.0,
        "Tax Rate For Calcs": 0.222267,
        "Net Income From Continuing Operation Net Minority Interest": 3598078000000.0,
        "Reconciled Depreciation": null,
        "Net Interest Income": 6099184000000.0,
        "Interest Expense": 6501342000000.0,
        "Interest Income": 12600526000000.0,
        "Normalized Income": 3598078000000.0,
        "Net Income From Continuing And Discontinued Operation": 3598078000000.0,
        "Diluted Average Shares": 1885215716.0,
        "Basic Average Shares": 1885215716.0,
        "Diluted EPS": 1908.576281,
        "Basic EPS": 1908.576281,
        "Diluted NI Availto Com Stockholders": 3598078000000.0,
        "Net Income Common Stockholders": 3598078000000.0,
        "Otherunder Preferred Stock Dividend": null,
        "Net Income": 3598078000000.0,
        "Minority Interests": 0.0,
        "Net Income Including Noncontrolling Interests": 3598078000000.0,
        "Net Income Continuous Operations": 3598078000000.0,
        "Tax Provision": 1028286000000.0,
        "Pretax Income": 4626364000000.0,
        "Gain On Sale Of Security": 11029000000.0,
        "Operating Expense": 3259791000000.0,
        "Other Operating Expenses": 3259791000000.0,
        "Depreciation And Amortization In Income Statement": null,
        "Depreciation Income Statement": null,
        "Insurance And Claims": null,
        "Total Revenue": 7518896000000.0,
        "Operating Revenue": 7518896000000.0
      },
      "2024-09-30 00:00:00": {
        "Tax Effect Of Unusual Items": 0.0,
        "Tax Rate For Calcs": 0.200079,
        "Net Income From Continuing Operation Net Minority Interest": 2201173000000.0,
        "Reconciled Depreciation": null,
        "Net Interest Income": 6365108000000.0,
        "Interest Expense": 6156263000000.0,
        "Interest Income": 12521371000000.0,
        "Normalized Income": 2201173000000.0,
        "Net Income From Continuing And Discontinued Operation": 2201173000000.0,
        "Diluted Average Shares": 1885215716.0,
        "Basic Average Shares": 1885215716.0,
        "Diluted EPS": 1167.597417,
        "Basic EPS": 1167.597417,
        "Diluted NI Availto Com Stockholders": 2201173000000.0,
        "Net Income Common Stockholders": 2201173000000.0,
        "Otherunder Preferred Stock Dividend": null,
        "Net Income": 2201173000000.0,
        "Minority Interests": 0.0,
        "Net Income Including Noncontrolling Interests": 2201173000000.0,
        "Net Income Continuous Operations": 2201173000000.0,
        "Tax Provision": 550565000000.0,
        "Pretax Income": 2751738000000.0,
        "Gain On Sale Of Security": 6232000000.0,
        "Operating Expense": 3456918000000.0,
        "Other Operating Expenses": 3456918000000.0,
        "Depreciation And Amortization In Income Statement": null,
        "Depreciation Income Statement": null,
        "Insurance And Claims": null,
        "Total Revenue": 7407317000000.0,
        "Operating Revenue": 7407317000000.0
      },
      "2024-06-30 00:00:00": {
        "Tax Effect Of Unusual Items": 0.0,
        "Tax Rate For Calcs": 0.190176,
        "Net Income From Continuing Operation Net Minority Interest": 2176839000000.0,
        "Reconciled Depreciation": null,
        "Net Interest Income": 6116566000000.0,
        "Interest Expense": 6265232000000.0,
        "Interest Income": 12381798000000.0,
        "Normalized Income": 2176839000000.0,
        "Net Income From Continuing And Discontinued Operation": 2176839000000.0,
        "Diluted Average Shares": 1885215716.0,
        "Basic Average Shares": 1885215716.0,
        "Diluted EPS": 1154.68961,
        "Basic EPS": 1154.68961,
        "Diluted NI Availto Com Stockholders": 2176839000000.0,
        "Net Income Common Stockholders": 2176839000000.0,
        "Otherunder Preferred Stock Dividend": null,
        "Net Income": 2176839000000.0,
        "Minority Interests": 0.0,
        "Net Income Including Noncontrolling Interests": 2176839000000.0,
        "Net Income Continuous Operations": 2176839000000.0,
        "Tax Provision": 511201000000.0,
        "Pretax Income": 2688040000000.0,
        "Gain On Sale Of Security": 17409000000.0,
        "Operating Expense": 4037390000000.0,
        "Other Operating Expenses": 4037390000000.0,
        "Depreciation And Amortization In Income Statement": null,
        "Depreciation Income Statement": null,
        "Insurance And Claims": null,
        "Total Revenue": 7190737000000.0,
        "Operating Revenue": 7190737000000.0
      }
    },
    "quarterly_balance_sheet": {
      "2025-06-30 00:00:00": {
        "Ordinary Shares Number": 1885215716.0,
        "Share Issued": 1885215716.0,
        "Total Debt": 40188075000000.0,
        "Tangible Book Value": 56885327000000.0,
        "Invested Capital": 100009282000000.0,
        "Net Tangible Assets": 56885327000000.0,
        "Common Stock Equity": 59821207000000.0,
        "Total Capitalization": 100009282000000.0,
        "Total Equity Gross Minority Interest": 59821207000000.0,
        "Minority Interest": 0.0,
        "Stockholders Equity": 59821207000000.0,
        "Other Equity Interest": 1774000000.0,
        "Fixed Assets Revaluation Reserve": 0.0,
        "Treasury Stock": null,
        "Retained Earnings": 31148437000000.0,
        "Additional Paid In Capital": 1747651000000.0,
        "Capital Stock": 18852157000000.0,
        "Common Stock": 18852157000000.0,
        "Preferred Stock": null,
        "Total Liabilities Net Minority Interest": 747518017000000.0,
        "Derivative Product Liabilities": 28358000000.0,
        "Long Term Debt And Capital Lease Obligation": 40188075000000.0,
        "Payables": 9400538000000.0,
        "Other Payable": null,
        "Total Tax Payable": null,
        "Accounts Payable": 9400538000000.0,
        "Total Assets": 807339224000000.0,
        "Investments And Advances": 84127170000000.0,
        "Investmentin Financial Assets": 84127170000000.0,
        "Held To Maturity Securities": 76133976000000.0,
        "Available For Sale Securities": 7993194000000.0,
        "Trading Securities": 0.0,
        "Long Term Equity Investment": 0.0,
        "Investmentsin Joint Venturesat Cost": 0.0,
        "Investments In Other Ventures Under Equity Method": null,
        "Investmentsin Associatesat Cost": 0.0,
        "Investmentsin Subsidiariesat Cost": 0.0,
        "Investment Properties": 15503000000.0,
        "Goodwill And Other Intangible Assets": 2935880000000.0,
        "Other Intangible Assets": 2935880000000.0,
        "Net PPE": 4269750000000.0,
        "Accumulated Depreciation": -4772533000000.0,
        "Gross PPE": 9042283000000.0,
        "Other Properties": 9042283000000.0,
        "Machinery Furniture Equipment": null,
        "Buildings And Improvements": null,
        "Receivables": 9954789000000.0,
        "Cash And Cash Equivalents": 125490456000000.0,
        "Cash Equivalents": null,
        "Cash Financial": 8185140000000.0,
        "Cash Cash Equivalents And Federal Funds Sold": 125490456000000.0
      },
      "2025-03-31 00:00:00": {
        "Ordinary Shares Number": 1885215716.0,
        "Share Issued": 1885215716.0,
        "Total Debt": 37498331000000.0,
        "Tangible Book Value": 54877922000000.0,
        "Invested Capital": 95360708000000.0,
        "Net Tangible Assets": 54877922000000.0,
        "Common Stock Equity": 57862377000000.0,
        "Total Capitalization": 95360708000000.0,
        "Total Equity Gross Minority Interest": 57862377000000.0,
        "Minority Interest": 0.0,
        "Stockholders Equity": 57862377000000.0,
        "Other Equity Interest": 1774000000.0,
        "Fixed Assets Revaluation Reserve": 0.0,
        "Treasury Stock": 0.0,
        "Retained Earnings": 31326809000000.0,
        "Additional Paid In Capital": 1747651000000.0,
        "Capital Stock": 18852157000000.0,
        "Common Stock": 18852157000000.0,
        "Preferred Stock": null,
        "Total Liabilities Net Minority Interest": 699230949000000.0,
        "Derivative Product Liabilities": 275515000000.0,
        "Long Term Debt And Capital Lease Obligation": 37498331000000.0,
        "Payables": 9057440000000.0,
        "Other Payable": null,
        "Total Tax Payable": null,
        "Accounts Payable": 9057440000000.0,
        "Total Assets": 757093326000000.0,
        "Investments And Advances": 84088055000000.0,
        "Investmentin Financial Assets": 84088055000000.0,
        "Held To Maturity Securities": 74040800000000.0,
        "Available For Sale Securities": 10047255000000.0,
        "Trading Securities": 0.0,
        "Long Term Equity Investment": 0.0,
        "Investmentsin Joint Venturesat Cost": 0.0,
        "Investments In Other Ventures Under Equity Method": null,
        "Investmentsin Associatesat Cost": 0.0,
        "Investmentsin Subsidiariesat Cost": 0.0,
        "Investment Properties": 0.0,
        "Goodwill And Other Intangible Assets": 2984455000000.0,
        "Other Intangible Assets": 2984455000000.0,
        "Net PPE": 4373022000000.0,
        "Accumulated Depreciation": -4650787000000.0,
        "Gross PPE": 9023809000000.0,
        "Other Properties": 9023809000000.0,
        "Machinery Furniture Equipment": null,
        "Buildings And Improvements": null,
        "Receivables": 9288956000000.0,
        "Cash And Cash Equivalents": 100235225000000.0,
        "Cash Equivalents": null,
        "Cash Financial": 8497715000000.0,
        "Cash Cash Equivalents And Federal Funds Sold": 100235225000000.0
      },
      "2024-12-31 00:00:00": {
        "Ordinary Shares Number": 1885215716.0,
        "Share Issued": 1885215716.0,
        "Total Debt": 46534514000000.0,
        "Tangible Book Value": 51992140000000.0,
        "Invested Capital": 101506584000000.0,
        "Net Tangible Assets": 51992140000000.0,
        "Common Stock Equity": 54972070000000.0,
        "Total Capitalization": 101506584000000.0,
        "Total Equity Gross Minority Interest": 54972070000000.0,
        "Minority Interest": 0.0,
        "Stockholders Equity": 54972070000000.0,
        "Other Equity Interest": 1774000000.0,
        "Fixed Assets Revaluation Reserve": 0.0,
        "Treasury Stock": 0.0,
        "Retained Earnings": 28426115000000.0,
        "Additional Paid In Capital": 1747651000000.0,
        "Capital Stock": 18852157000000.0,
        "Common Stock": 18852157000000.0,
        "Preferred Stock": 0.0,
        "Total Liabilities Net Minority Interest": 693122476000000.0,
        "Derivative Product Liabilities": 54007000000.0,
        "Long Term Debt And Capital Lease Obligation": 46534514000000.0,
        "Payables": 15954499000000.0,
        "Other Payable": 6010096000000.0,
        "Total Tax Payable": 1303618000000.0,
        "Accounts Payable": 8640785000000.0,
        "Total Assets": 748094546000000.0,
        "Investments And Advances": 85730381000000.0,
        "Investmentin Financial Assets": 85730381000000.0,
        "Held To Maturity Securities": 75363197000000.0,
        "Available For Sale Securities": 10367184000000.0,
        "Trading Securities": 0.0,
        "Long Term Equity Investment": 0.0,
        "Investmentsin Joint Venturesat Cost": 0.0,
        "Investments In Other Ventures Under Equity Method": null,
        "Investmentsin Associatesat Cost": 0.0,
        "Investmentsin Subsidiariesat Cost": 0.0,
        "Investment Properties": 0.0,
        "Goodwill And Other Intangible Assets": 2979930000000.0,
        "Other Intangible Assets": 2979930000000.0,
        "Net PPE": 4375198000000.0,
        "Accumulated Depreciation": -4495996000000.0,
        "Gross PPE": 8871194000000.0,
        "Other Properties": 1326705000000.0,
        "Machinery Furniture Equipment": 3834960000000.0,
        "Buildings And Improvements": 3709529000000.0,
        "Receivables": 8703517000000.0,
        "Cash And Cash Equivalents": 106493055000000.0,
        "Cash Equivalents": 98657000000.0,
        "Cash Financial": 8115996000000.0,
        "Cash Cash Equivalents And Federal Funds Sold": 106493055000000.0
      },
      "2024-09-30 00:00:00": {
        "Ordinary Shares Number": 1885215716.0,
        "Share Issued": 1885215716.0,
        "Total Debt": 39605201000000.0,
        "Tangible Book Value": 48255941000000.0,
        "Invested Capital": 90885701000000.0,
        "Net Tangible Assets": 48255941000000.0,
        "Common Stock Equity": 51280500000000.0,
        "Total Capitalization": 90885701000000.0,
        "Total Equity Gross Minority Interest": 51280500000000.0,
        "Minority Interest": 0.0,
        "Stockholders Equity": 51280500000000.0,
        "Other Equity Interest": 1774000000.0,
        "Fixed Assets Revaluation Reserve": 0.0,
        "Treasury Stock": 0.0,
        "Retained Earnings": 24830154000000.0,
        "Additional Paid In Capital": 1747651000000.0,
        "Capital Stock": 18852157000000.0,
        "Common Stock": 18852157000000.0,
        "Preferred Stock": 0.0,
        "Total Liabilities Net Minority Interest": 651705096000000.0,
        "Derivative Product Liabilities": 0.0,
        "Long Term Debt And Capital Lease Obligation": 39605201000000.0,
        "Payables": 8249638000000.0,
        "Other Payable": null,
        "Total Tax Payable": null,
        "Accounts Payable": 8249638000000.0,
        "Total Assets": 702985596000000.0,
        "Investments And Advances": 82989353000000.0,
        "Investmentin Financial Assets": 82989353000000.0,
        "Held To Maturity Securities": 73855684000000.0,
        "Available For Sale Securities": 9098002000000.0,
        "Trading Securities": 0.0,
        "Long Term Equity Investment": 0.0,
        "Investmentsin Joint Venturesat Cost": 0.0,
        "Investments In Other Ventures Under Equity Method": 0.0,
        "Investmentsin Associatesat Cost": 0.0,
        "Investmentsin Subsidiariesat Cost": 0.0,
        "Investment Properties": 0.0,
        "Goodwill And Other Intangible Assets": 3024559000000.0,
        "Other Intangible Assets": 3024559000000.0,
        "Net PPE": 4360032000000.0,
        "Accumulated Depreciation": -4438333000000.0,
        "Gross PPE": 8798365000000.0,
        "Other Properties": 8798365000000.0,
        "Machinery Furniture Equipment": null,
        "Buildings And Improvements": null,
        "Receivables": 10528596000000.0,
        "Cash And Cash Equivalents": 84438706000000.0,
        "Cash Equivalents": null,
        "Cash Financial": 8901439000000.0,
        "Cash Cash Equivalents And Federal Funds Sold": 84438706000000.0
      },
      "2024-06-30 00:00:00": {
        "Ordinary Shares Number": 1885215716.0,
        "Share Issued": 1885215716.0,
        "Total Debt": 40802414000000.0,
        "Tangible Book Value": 46099646000000.0,
        "Invested Capital": 89880363000000.0,
        "Net Tangible Assets": 46099646000000.0,
        "Common Stock Equity": 49077949000000.0,
        "Total Capitalization": 89880363000000.0,
        "Total Equity Gross Minority Interest": 49077949000000.0,
        "Minority Interest": 0.0,
        "Stockholders Equity": 49077949000000.0,
        "Other Equity Interest": 1774000000.0,
        "Fixed Assets Revaluation Reserve": 0.0,
        "Treasury Stock": 0.0,
        "Retained Earnings": 22628981000000.0,
        "Additional Paid In Capital": 1747651000000.0,
        "Capital Stock": 18852157000000.0,
        "Common Stock": 18852157000000.0,
        "Preferred Stock": 0.0,
        "Total Liabilities Net Minority Interest": 668234822000000.0,
        "Derivative Product Liabilities": 0.0,
        "Long Term Debt And Capital Lease Obligation": 40802414000000.0,
        "Payables": 8470791000000.0,
        "Other Payable": null,
        "Total Tax Payable": null,
        "Accounts Payable": 8470791000000.0,
        "Total Assets": 717312771000000.0,
        "Investments And Advances": 86338505000000.0,
        "Investmentin Financial Assets": 86338505000000.0,
        "Held To Maturity Securities": 74613332000000.0,
        "Available For Sale Securities": 11586993000000.0,
        "Trading Securities": 0.0,
        "Long Term Equity Investment": 0.0,
        "Investmentsin Joint Venturesat Cost": 0.0,
        "Investments In Other Ventures Under Equity Method": 0.0,
        "Investmentsin Associatesat Cost": 0.0,
        "Investmentsin Subsidiariesat Cost": 0.0,
        "Investment Properties": 0.0,
        "Goodwill And Other Intangible Assets": 2978303000000.0,
        "Other Intangible Assets": 2978303000000.0,
        "Net PPE": 4295099000000.0,
        "Accumulated Depreciation": -4368472000000.0,
        "Gross PPE": 8663571000000.0,
        "Other Properties": 8663571000000.0,
        "Machinery Furniture Equipment": null,
        "Buildings And Improvements": null,
        "Receivables": 20781091000000.0,
        "Cash And Cash Equivalents": 93227505000000.0,
        "Cash Equivalents": null,
        "Cash Financial": 7051295000000.0,
        "Cash Cash Equivalents And Federal Funds Sold": 93227505000000.0
      }
    },
    "quarterly_cash_flow": {
      "2025-06-30 00:00:00": {
        "Free Cash Flow": 27296194000000.0,
        "Repurchase Of Capital Stock": 0.0,
        "Repayment Of Debt": -2466724000000.0,
        "Issuance Of Debt": 219475000000.0,
        "Issuance Of Capital Stock": 0.0,
        "Capital Expenditure": -199593000000.0,
        "End Cash Position": 125490456000000.0,
        "Beginning Cash Position": 100235226000000.0,
        "Effect Of Exchange Rate Changes": 195325000000.0,
        "Changes In Cash": 25059905000000.0,
        "Financing Cash Flow": -2247249000000.0,
        "Cash Dividends Paid": null,
        "Common Stock Dividend Paid": null,
        "Net Common Stock Issuance": 0.0,
        "Common Stock Payments": 0.0,
        "Common Stock Issuance": 0.0,
        "Net Issuance Payments Of Debt": -2247249000000.0,
        "Net Long Term Debt Issuance": -2247249000000.0,
        "Long Term Debt Payments": -2466724000000.0,
        "Long Term Debt Issuance": 219475000000.0,
        "Investing Cash Flow": -188633000000.0,
        "Dividends Received Cfi": null,
        "Net Investment Purchase And Sale": null,
        "Sale Of Investment": null,
        "Net Investment Properties Purchase And Sale": 0.0,
        "Sale Of Investment Properties": 0.0,
        "Purchase Of Investment Properties": 0.0,
        "Net Business Purchase And Sale": null,
        "Sale Of Business": null,
        "Purchase Of Business": null,
        "Net PPE Purchase And Sale": -198048000000.0,
        "Sale Of PPE": 1545000000.0,
        "Purchase Of PPE": -199593000000.0,
        "Operating Cash Flow": 27495787000000.0,
        "Cash Flowsfromusedin Operating Activities Direct": 27495787000000.0,
        "Classesof Cash Payments": -31476401000000.0,
        "Other Cash Paymentsfrom Operating Activities": -897039000000.0,
        "Paymentson Behalfof Employees": -2766176000000.0,
        "Classesof Cash Receiptsfrom Operating Activities": 58972188000000.0,
        "Other Cash Receiptsfrom Operating Activities": -203026000000.0
      },
      "2025-03-31 00:00:00": {
        "Free Cash Flow": -4690245000000.0,
        "Repurchase Of Capital Stock": 0.0,
        "Repayment Of Debt": -1808988000000.0,
        "Issuance Of Debt": 170704000000.0,
        "Issuance Of Capital Stock": 0.0,
        "Capital Expenditure": -187763000000.0,
        "End Cash Position": 100235226000000.0,
        "Beginning Cash Position": 106493055000000.0,
        "Effect Of Exchange Rate Changes": -10387000000.0,
        "Changes In Cash": -6247442000000.0,
        "Financing Cash Flow": -1638284000000.0,
        "Cash Dividends Paid": null,
        "Common Stock Dividend Paid": null,
        "Net Common Stock Issuance": 0.0,
        "Common Stock Payments": 0.0,
        "Common Stock Issuance": 0.0,
        "Net Issuance Payments Of Debt": -1638284000000.0,
        "Net Long Term Debt Issuance": -1638284000000.0,
        "Long Term Debt Payments": -1808988000000.0,
        "Long Term Debt Issuance": 170704000000.0,
        "Investing Cash Flow": -106676000000.0,
        "Dividends Received Cfi": null,
        "Net Investment Purchase And Sale": null,
        "Sale Of Investment": null,
        "Net Investment Properties Purchase And Sale": 0.0,
        "Sale Of Investment Properties": 0.0,
        "Purchase Of Investment Properties": 0.0,
        "Net Business Purchase And Sale": null,
        "Sale Of Business": null,
        "Purchase Of Business": null,
        "Net PPE Purchase And Sale": -106676000000.0,
        "Sale Of PPE": 81087000000.0,
        "Purchase Of PPE": -187763000000.0,
        "Operating Cash Flow": -4502482000000.0,
        "Cash Flowsfromusedin Operating Activities Direct": -4502482000000.0,
        "Classesof Cash Payments": -53540460000000.0,
        "Other Cash Paymentsfrom Operating Activities": -1917734000000.0,
        "Paymentson Behalfof Employees": -4787573000000.0,
        "Classesof Cash Receiptsfrom Operating Activities": 49037978000000.0,
        "Other Cash Receiptsfrom Operating Activities": 1083188000000.0
      },
      "2024-12-31 00:00:00": {
        "Free Cash Flow": 20701932000000.0,
        "Repurchase Of Capital Stock": 0.0,
        "Repayment Of Debt": 621430000000.0,
        "Issuance Of Debt": 635635000000.0,
        "Issuance Of Capital Stock": 0.0,
        "Capital Expenditure": -384666000000.0,
        "End Cash Position": 106493055000000.0,
        "Beginning Cash Position": 84438705000000.0,
        "Effect Of Exchange Rate Changes": 93492000000.0,
        "Changes In Cash": 21960858000000.0,
        "Financing Cash Flow": 1257064000000.0,
        "Cash Dividends Paid": -1000000.0,
        "Common Stock Dividend Paid": -1000000.0,
        "Net Common Stock Issuance": 0.0,
        "Common Stock Payments": 0.0,
        "Common Stock Issuance": 0.0,
        "Net Issuance Payments Of Debt": 1257065000000.0,
        "Net Long Term Debt Issuance": 1257065000000.0,
        "Long Term Debt Payments": 621430000000.0,
        "Long Term Debt Issuance": 635635000000.0,
        "Investing Cash Flow": -382804000000.0,
        "Dividends Received Cfi": 894000000.0,
        "Net Investment Purchase And Sale": null,
        "Sale Of Investment": null,
        "Net Investment Properties Purchase And Sale": 0.0,
        "Sale Of Investment Properties": 0.0,
        "Purchase Of Investment Properties": 0.0,
        "Net Business Purchase And Sale": 0.0,
        "Sale Of Business": 0.0,
        "Purchase Of Business": 0.0,
        "Net PPE Purchase And Sale": -383698000000.0,
        "Sale Of PPE": 968000000.0,
        "Purchase Of PPE": -384666000000.0,
        "Operating Cash Flow": 21086598000000.0,
        "Cash Flowsfromusedin Operating Activities Direct": 21086598000000.0,
        "Classesof Cash Payments": -30078141000000.0,
        "Other Cash Paymentsfrom Operating Activities": -2742223000000.0,
        "Paymentson Behalfof Employees": -3218087000000.0,
        "Classesof Cash Receiptsfrom Operating Activities": 51164739000000.0,
        "Other Cash Receiptsfrom Operating Activities": 1022307000000.0
      },
      "2024-09-30 00:00:00": {
        "Free Cash Flow": -10046543000000.0,
        "Repurchase Of Capital Stock": 0.0,
        "Repayment Of Debt": -1622639000000.0,
        "Issuance Of Debt": 1173990000000.0,
        "Issuance Of Capital Stock": 0.0,
        "Capital Expenditure": -211730000000.0,
        "End Cash Position": 84438705000000.0,
        "Beginning Cash Position": 94927505000000.0,
        "Effect Of Exchange Rate Changes": 1379000000.0,
        "Changes In Cash": -10490179000000.0,
        "Financing Cash Flow": -448648000000.0,
        "Cash Dividends Paid": 1000000.0,
        "Common Stock Dividend Paid": 1000000.0,
        "Net Common Stock Issuance": 0.0,
        "Common Stock Payments": 0.0,
        "Common Stock Issuance": 0.0,
        "Net Issuance Payments Of Debt": -448649000000.0,
        "Net Long Term Debt Issuance": -448649000000.0,
        "Long Term Debt Payments": -1622639000000.0,
        "Long Term Debt Issuance": 1173990000000.0,
        "Investing Cash Flow": -206718000000.0,
        "Dividends Received Cfi": 3747000000.0,
        "Net Investment Purchase And Sale": null,
        "Sale Of Investment": null,
        "Net Investment Properties Purchase And Sale": 0.0,
        "Sale Of Investment Properties": 0.0,
        "Purchase Of Investment Properties": 0.0,
        "Net Business Purchase And Sale": 0.0,
        "Sale Of Business": null,
        "Purchase Of Business": 0.0,
        "Net PPE Purchase And Sale": -210465000000.0,
        "Sale Of PPE": 1265000000.0,
        "Purchase Of PPE": -211730000000.0,
        "Operating Cash Flow": -9834813000000.0,
        "Cash Flowsfromusedin Operating Activities Direct": -9834813000000.0,
        "Classesof Cash Payments": -138265000000.0,
        "Other Cash Paymentsfrom Operating Activities": 24261835000000.0,
        "Paymentson Behalfof Employees": -2633197000000.0,
        "Classesof Cash Receiptsfrom Operating Activities": -9696548000000.0,
        "Other Cash Receiptsfrom Operating Activities": -19879251000000.0
      },
      "2024-06-30 00:00:00": {
        "Free Cash Flow": 13911591000000.0,
        "Repurchase Of Capital Stock": 0.0,
        "Repayment Of Debt": 36215000000.0,
        "Issuance Of Debt": 0.0,
        "Issuance Of Capital Stock": 0.0,
        "Capital Expenditure": -221901000000.0,
        "End Cash Position": 94927505000000.0,
        "Beginning Cash Position": 81052016000000.0,
        "Effect Of Exchange Rate Changes": -73321000000.0,
        "Changes In Cash": 13948810000000.0,
        "Financing Cash Flow": 36213000000.0,
        "Cash Dividends Paid": null,
        "Common Stock Dividend Paid": null,
        "Net Common Stock Issuance": 0.0,
        "Common Stock Payments": 0.0,
        "Common Stock Issuance": 0.0,
        "Net Issuance Payments Of Debt": 36215000000.0,
        "Net Long Term Debt Issuance": 36215000000.0,
        "Long Term Debt Payments": 36215000000.0,
        "Long Term Debt Issuance": 0.0,
        "Investing Cash Flow": -220895000000.0,
        "Dividends Received Cfi": 0.0,
        "Net Investment Purchase And Sale": 372000000.0,
        "Sale Of Investment": 372000000.0,
        "Net Investment Properties Purchase And Sale": 0.0,
        "Sale Of Investment Properties": 0.0,
        "Purchase Of Investment Properties": 0.0,
        "Net Business Purchase And Sale": 0.0,
        "Sale Of Business": null,
        "Purchase Of Business": 0.0,
        "Net PPE Purchase And Sale": -221267000000.0,
        "Sale Of PPE": 634000000.0,
        "Purchase Of PPE": -221901000000.0,
        "Operating Cash Flow": 14133492000000.0,
        "Cash Flowsfromusedin Operating Activities Direct": 14133492000000.0,
        "Classesof Cash Payments": -49432013000000.0,
        "Other Cash Paymentsfrom Operating Activities": -22196929000000.0,
        "Paymentson Behalfof Employees": -2450335000000.0,
        "Classesof Cash Receiptsfrom Operating Activities": 63565505000000.0,
        "Other Cash Receiptsfrom Operating Activities": 14423610000000.0
      }
    }
  },
  "annual": {
    "symbol": "STB.VN",
    "timestamp": "2026-01-09T18:25:44.005041",
    "annual_financials": {
      "2024-12-31 00:00:00": {
        "Tax Effect Of Unusual Items": 0.0,
        "Tax Rate For Calcs": 0.206981,
        "Total Unusual Items": 0.0,
        "Total Unusual Items Excluding Goodwill": 0.0,
        "Net Income From Continuing Operation Net Minority Interest": 10087495000000.0,
        "Reconciled Depreciation": 980725000000.0,
        "Net Interest Income": 24531698000000.0,
        "Interest Expense": 25457023000000.0,
        "Interest Income": 49988721000000.0,
        "Normalized Income": 10087495000000.0,
        "Net Income From Continuing And Discontinued Operation": 10087495000000.0,
        "Diluted Average Shares": 1885215716.0,
        "Basic Average Shares": 1885215716.0,
        "Diluted EPS": 5351.0,
        "Basic EPS": 5351.0,
        "Diluted NI Availto Com Stockholders": 10087495000000.0,
        "Net Income Common Stockholders": 10087495000000.0,
        "Otherunder Preferred Stock Dividend": null,
        "Net Income": 10087495000000.0,
        "Minority Interests": 0.0,
        "Net Income Including Noncontrolling Interests": 10087495000000.0,
        "Net Income Continuous Operations": 10087495000000.0,
        "Tax Provision": 2632870000000.0,
        "Pretax Income": 12720365000000.0,
        "Special Income Charges": 0.0,
        "Other Special Charges": null,
        "Gain On Sale Of Security": 54890000000.0,
        "Operating Expense": 14284644000000.0,
        "Other Operating Expenses": 3475397000000.0,
        "Depreciation And Amortization In Income Statement": 980725000000.0,
        "Depreciation Income Statement": 980725000000.0,
        "Selling General And Administration": 2094104000000.0,
        "General And Administrative Expense": 2094104000000.0,
        "Insurance And Claims": 672492000000.0,
        "Rent And Landing Fees": 1628937000000.0,
        "Total Revenue": 29019580000000.0,
        "Operating Revenue": 29019580000000.0
      },
      "2023-12-31 00:00:00": {
        "Tax Effect Of Unusual Items": 580026570.505472,
        "Tax Rate For Calcs": 0.195559,
        "Total Unusual Items": 2966000000.0,
        "Total Unusual Items Excluding Goodwill": 2966000000.0,
        "Net Income From Continuing Operation Net Minority Interest": 7718616000000.0,
        "Reconciled Depreciation": 1148589000000.0,
        "Net Interest Income": 22072333000000.0,
        "Interest Expense": 33854996000000.0,
        "Interest Income": 55927329000000.0,
        "Normalized Income": 7716230026570.506,
        "Net Income From Continuing And Discontinued Operation": 7718616000000.0,
        "Diluted Average Shares": 1885215716.0,
        "Basic Average Shares": 1885215716.0,
        "Diluted EPS": 3622.0,
        "Basic EPS": 3622.0,
        "Diluted NI Availto Com Stockholders": 7718616000000.0,
        "Net Income Common Stockholders": 7718616000000.0,
        "Otherunder Preferred Stock Dividend": 890046000000.0,
        "Net Income": 7718616000000.0,
        "Minority Interests": 0.0,
        "Net Income Including Noncontrolling Interests": 7718616000000.0,
        "Net Income Continuous Operations": 7718616000000.0,
        "Tax Provision": 1876384000000.0,
        "Pretax Income": 9595000000000.0,
        "Special Income Charges": 2966000000.0,
        "Other Special Charges": -2966000000.0,
        "Gain On Sale Of Security": 38357000000.0,
        "Operating Expense": 12966644000000.0,
        "Other Operating Expenses": 2870100000000.0,
        "Depreciation And Amortization In Income Statement": 1148589000000.0,
        "Depreciation Income Statement": 1148589000000.0,
        "Selling General And Administration": 1927463000000.0,
        "General And Administrative Expense": 1927463000000.0,
        "Insurance And Claims": 617018000000.0,
        "Rent And Landing Fees": 1437619000000.0,
        "Total Revenue": 24802683000000.0,
        "Operating Revenue": 24802683000000.0
      },
      "2022-12-31 00:00:00": {
        "Tax Effect Of Unusual Items": 406410120311.93207,
        "Tax Rate For Calcs": 0.204821,
        "Total Unusual Items": 1984218000000.0,
        "Total Unusual Items Excluding Goodwill": 1984218000000.0,
        "Net Income From Continuing Operation Net Minority Interest": 5040695000000.0,
        "Reconciled Depreciation": 665889000000.0,
        "Net Interest Income": 17147134000000.0,
        "Interest Expense": 20243714000000.0,
        "Interest Income": 37390848000000.0,
        "Normalized Income": 3462887120311.932,
        "Net Income From Continuing And Discontinued Operation": 5040695000000.0,
        "Diluted Average Shares": 1885215716.0,
        "Basic Average Shares": 1885215716.0,
        "Diluted EPS": 2380.0,
        "Basic EPS": 2380.0,
        "Diluted NI Availto Com Stockholders": 5040695000000.0,
        "Net Income Common Stockholders": 5040695000000.0,
        "Otherunder Preferred Stock Dividend": null,
        "Net Income": 5040695000000.0,
        "Minority Interests": null,
        "Net Income Including Noncontrolling Interests": 5040695000000.0,
        "Net Income Continuous Operations": 5040695000000.0,
        "Tax Provision": 1298377000000.0,
        "Pretax Income": 6339072000000.0,
        "Special Income Charges": 1984218000000.0,
        "Other Special Charges": -1984218000000.0,
        "Gain On Sale Of Security": -20817000000.0,
        "Operating Expense": 11030285000000.0,
        "Other Operating Expenses": 1653761000000.0,
        "Depreciation And Amortization In Income Statement": 665889000000.0,
        "Depreciation Income Statement": 665889000000.0,
        "Selling General And Administration": null,
        "General And Administrative Expense": null,
        "Insurance And Claims": 562645000000.0,
        "Rent And Landing Fees": 1235192000000.0,
        "Total Revenue": 15642702000000.0,
        "Operating Revenue": 15642702000000.0
      },
      "2021-12-31 00:00:00": {
        "Tax Effect Of Unusual Items": 39744737124.28063,
        "Tax Rate For Calcs": 0.224665,
        "Total Unusual Items": 176907000000.0,
        "Total Unusual Items Excluding Goodwill": 176907000000.0,
        "Net Income From Continuing Operation Net Minority Interest": 3411496000000.0,
        "Reconciled Depreciation": 639448000000.0,
        "Net Interest Income": 11964487000000.0,
        "Interest Expense": 17726249000000.0,
        "Interest Income": 29690736000000.0,
        "Normalized Income": 3274333737124.281,
        "Net Income From Continuing And Discontinued Operation": 3411496000000.0,
        "Diluted Average Shares": 1842130519.0,
        "Basic Average Shares": 1842130519.0,
        "Diluted EPS": 1632.0,
        "Basic EPS": 1632.0,
        "Diluted NI Availto Com Stockholders": 3006766000000.0,
        "Net Income Common Stockholders": 3006766000000.0,
        "Otherunder Preferred Stock Dividend": 404730000000.0,
        "Net Income": 3411496000000.0,
        "Minority Interests": null,
        "Net Income Including Noncontrolling Interests": 3411496000000.0,
        "Net Income Continuous Operations": 3411496000000.0,
        "Tax Provision": 988530000000.0,
        "Pretax Income": 4400026000000.0,
        "Special Income Charges": 176907000000.0,
        "Other Special Charges": -176907000000.0,
        "Gain On Sale Of Security": 193237000000.0,
        "Operating Expense": 10240893000000.0,
        "Other Operating Expenses": 1491561000000.0,
        "Depreciation And Amortization In Income Statement": 639448000000.0,
        "Depreciation Income Statement": 639448000000.0,
        "Selling General And Administration": null,
        "General And Administrative Expense": null,
        "Insurance And Claims": 552857000000.0,
        "Rent And Landing Fees": 1162918000000.0,
        "Total Revenue": 16372818000000.0,
        "Operating Revenue": 16372818000000.0
      }
    },
    "annual_balance_sheet": {
      "2024-12-31 00:00:00": {
        "Ordinary Shares Number": 1885215716.0,
        "Share Issued": 1885215716.0,
        "Total Debt": 46534514000000.0,
        "Tangible Book Value": 51992140000000.0,
        "Invested Capital": 101506584000000.0,
        "Net Tangible Assets": 51992140000000.0,
        "Common Stock Equity": 54972070000000.0,
        "Total Capitalization": 101506584000000.0,
        "Total Equity Gross Minority Interest": 54972070000000.0,
        "Minority Interest": 0.0,
        "Stockholders Equity": 54972070000000.0,
        "Other Equity Interest": 1774000000.0,
        "Fixed Assets Revaluation Reserve": 0.0,
        "Treasury Stock": 0.0,
        "Retained Earnings": 28426115000000.0,
        "Additional Paid In Capital": 1747651000000.0,
        "Capital Stock": 18852157000000.0,
        "Common Stock": 18852157000000.0,
        "Preferred Stock": 0.0,
        "Total Liabilities Net Minority Interest": 693122476000000.0,
        "Derivative Product Liabilities": 54007000000.0,
        "Long Term Debt And Capital Lease Obligation": 46534514000000.0,
        "Payables": 15954499000000.0,
        "Other Payable": 6010096000000.0,
        "Dividends Payable": null,
        "Total Tax Payable": 1303618000000.0,
        "Accounts Payable": 8640785000000.0,
        "Total Assets": 748094546000000.0,
        "Investments And Advances": 85730381000000.0,
        "Investmentin Financial Assets": 85730381000000.0,
        "Held To Maturity Securities": 75363197000000.0,
        "Available For Sale Securities": 10367184000000.0,
        "Trading Securities": 0.0,
        "Long Term Equity Investment": 0.0,
        "Investmentsin Joint Venturesat Cost": 0.0,
        "Investments In Other Ventures Under Equity Method": null,
        "Investmentsin Associatesat Cost": 0.0,
        "Investmentsin Subsidiariesat Cost": 0.0,
        "Investment Properties": 0.0,
        "Goodwill And Other Intangible Assets": 2979930000000.0,
        "Other Intangible Assets": 2979930000000.0,
        "Net PPE": 4375198000000.0,
        "Accumulated Depreciation": -4495996000000.0,
        "Gross PPE": 8871194000000.0,
        "Other Properties": 1326705000000.0,
        "Machinery Furniture Equipment": 3834960000000.0,
        "Buildings And Improvements": 3709529000000.0,
        "Receivables": 8703517000000.0,
        "Cash And Cash Equivalents": 106493055000000.0,
        "Cash Equivalents": 98657000000.0,
        "Cash Financial": 8115996000000.0,
        "Cash Cash Equivalents And Federal Funds Sold": 106493055000000.0
      },
      "2023-12-31 00:00:00": {
        "Ordinary Shares Number": 1885215716.0,
        "Share Issued": 1885215716.0,
        "Total Debt": 32879721000000.0,
        "Tangible Book Value": 42747196000000.0,
        "Invested Capital": 78613585000000.0,
        "Net Tangible Assets": 42747196000000.0,
        "Common Stock Equity": 45733864000000.0,
        "Total Capitalization": 78613585000000.0,
        "Total Equity Gross Minority Interest": 45733864000000.0,
        "Minority Interest": null,
        "Stockholders Equity": 45733864000000.0,
        "Other Equity Interest": 1774000000.0,
        "Fixed Assets Revaluation Reserve": null,
        "Treasury Stock": null,
        "Retained Earnings": 20386614000000.0,
        "Additional Paid In Capital": 1747651000000.0,
        "Capital Stock": 18852157000000.0,
        "Common Stock": 18852157000000.0,
        "Preferred Stock": null,
        "Total Liabilities Net Minority Interest": 628655796000000.0,
        "Derivative Product Liabilities": 91459000000.0,
        "Long Term Debt And Capital Lease Obligation": 32879721000000.0,
        "Payables": 48510360000000.0,
        "Other Payable": 35542217000000.0,
        "Dividends Payable": null,
        "Total Tax Payable": 1061338000000.0,
        "Accounts Payable": 11906805000000.0,
        "Total Assets": 674389660000000.0,
        "Investments And Advances": 74718487000000.0,
        "Investmentin Financial Assets": 74718487000000.0,
        "Held To Maturity Securities": 66688978000000.0,
        "Available For Sale Securities": 8029509000000.0,
        "Trading Securities": null,
        "Long Term Equity Investment": 82642000000.0,
        "Investmentsin Joint Venturesat Cost": null,
        "Investments In Other Ventures Under Equity Method": 82642000000.0,
        "Investmentsin Associatesat Cost": null,
        "Investmentsin Subsidiariesat Cost": null,
        "Investment Properties": null,
        "Goodwill And Other Intangible Assets": 2986668000000.0,
        "Other Intangible Assets": 2986668000000.0,
        "Net PPE": 4282772000000.0,
        "Accumulated Depreciation": -4057506000000.0,
        "Gross PPE": 8340278000000.0,
        "Other Properties": 1269785000000.0,
        "Machinery Furniture Equipment": 3416226000000.0,
        "Buildings And Improvements": 3654267000000.0,
        "Receivables": 44921652000000.0,
        "Cash And Cash Equivalents": 70507716000000.0,
        "Cash Equivalents": 116512000000.0,
        "Cash Financial": 7428758000000.0,
        "Cash Cash Equivalents And Federal Funds Sold": 70507716000000.0
      },
      "2022-12-31 00:00:00": {
        "Ordinary Shares Number": 1885215716.0,
        "Share Issued": 1885215716.0,
        "Total Debt": 32760915000000.0,
        "Tangible Book Value": 35569114000000.0,
        "Invested Capital": 71387911000000.0,
        "Net Tangible Assets": 35569114000000.0,
        "Common Stock Equity": 38626996000000.0,
        "Total Capitalization": 71387911000000.0,
        "Total Equity Gross Minority Interest": 38626996000000.0,
        "Minority Interest": null,
        "Stockholders Equity": 38626996000000.0,
        "Other Equity Interest": 1774000000.0,
        "Fixed Assets Revaluation Reserve": null,
        "Treasury Stock": null,
        "Retained Earnings": 13971682000000.0,
        "Additional Paid In Capital": 1747651000000.0,
        "Capital Stock": 18852157000000.0,
        "Common Stock": 18852157000000.0,
        "Preferred Stock": null,
        "Total Liabilities Net Minority Interest": 553280699000000.0,
        "Derivative Product Liabilities": 0.0,
        "Long Term Debt And Capital Lease Obligation": 32760915000000.0,
        "Payables": 32082901000000.0,
        "Other Payable": 23532505000000.0,
        "Dividends Payable": 8578000000.0,
        "Total Tax Payable": 311593000000.0,
        "Accounts Payable": 8238803000000.0,
        "Total Assets": 591907695000000.0,
        "Investments And Advances": 69101999000000.0,
        "Investmentin Financial Assets": 69101999000000.0,
        "Held To Maturity Securities": 55551832000000.0,
        "Available For Sale Securities": 13337667000000.0,
        "Trading Securities": null,
        "Long Term Equity Investment": 88812000000.0,
        "Investmentsin Joint Venturesat Cost": null,
        "Investments In Other Ventures Under Equity Method": 88812000000.0,
        "Investmentsin Associatesat Cost": null,
        "Investmentsin Subsidiariesat Cost": null,
        "Investment Properties": null,
        "Goodwill And Other Intangible Assets": 3057882000000.0,
        "Other Intangible Assets": 3057882000000.0,
        "Net PPE": 4489795000000.0,
        "Accumulated Depreciation": -3367778000000.0,
        "Gross PPE": 7857573000000.0,
        "Other Properties": 1208837000000.0,
        "Machinery Furniture Equipment": 3031551000000.0,
        "Buildings And Improvements": 3617185000000.0,
        "Receivables": 35423797000000.0,
        "Cash And Cash Equivalents": 45104295000000.0,
        "Cash Equivalents": 159116000000.0,
        "Cash Financial": 7690782000000.0,
        "Cash Cash Equivalents And Federal Funds Sold": 45104295000000.0
      },
      "2021-12-31 00:00:00": {
        "Ordinary Shares Number": 1885215716.0,
        "Share Issued": 1885215716.0,
        "Total Debt": 27420671000000.0,
        "Tangible Book Value": 30584734000000.0,
        "Invested Capital": 61682007000000.0,
        "Net Tangible Assets": 30584734000000.0,
        "Common Stock Equity": 34261336000000.0,
        "Total Capitalization": 61682007000000.0,
        "Total Equity Gross Minority Interest": 34261336000000.0,
        "Minority Interest": null,
        "Stockholders Equity": 34261336000000.0,
        "Other Equity Interest": 1774000000.0,
        "Fixed Assets Revaluation Reserve": null,
        "Treasury Stock": 0.0,
        "Retained Earnings": 9907117000000.0,
        "Additional Paid In Capital": 1747651000000.0,
        "Capital Stock": 18852157000000.0,
        "Common Stock": 18852157000000.0,
        "Preferred Stock": null,
        "Total Liabilities Net Minority Interest": 486855787000000.0,
        "Derivative Product Liabilities": 108003000000.0,
        "Long Term Debt And Capital Lease Obligation": 27420671000000.0,
        "Payables": 20361934000000.0,
        "Other Payable": 13999962000000.0,
        "Dividends Payable": 8751000000.0,
        "Total Tax Payable": 334773000000.0,
        "Accounts Payable": 6018448000000.0,
        "Total Assets": 521117123000000.0,
        "Investments And Advances": 69944667000000.0,
        "Investmentin Financial Assets": 69944667000000.0,
        "Held To Maturity Securities": 41650354000000.0,
        "Available For Sale Securities": 28105543000000.0,
        "Trading Securities": null,
        "Long Term Equity Investment": 88968000000.0,
        "Investmentsin Joint Venturesat Cost": null,
        "Investments In Other Ventures Under Equity Method": 88968000000.0,
        "Investmentsin Associatesat Cost": null,
        "Investmentsin Subsidiariesat Cost": null,
        "Investment Properties": null,
        "Goodwill And Other Intangible Assets": 3676602000000.0,
        "Other Intangible Assets": 3676602000000.0,
        "Net PPE": 4518674000000.0,
        "Accumulated Depreciation": -3348979000000.0,
        "Gross PPE": 7867653000000.0,
        "Other Properties": 1131669000000.0,
        "Machinery Furniture Equipment": 2638259000000.0,
        "Buildings And Improvements": 4097725000000.0,
        "Receivables": 37467242000000.0,
        "Cash And Cash Equivalents": 28070625000000.0,
        "Cash Equivalents": 273571000000.0,
        "Cash Financial": 7948794000000.0,
        "Cash Cash Equivalents And Federal Funds Sold": 28070625000000.0
      }
    },
    "annual_cash_flow": {
      "2024-12-31 00:00:00": {
        "Free Cash Flow": 37349389000000.0,
        "Repurchase Of Capital Stock": 0.0,
        "Repayment Of Debt": -3268898000000.0,
        "Issuance Of Debt": 1809625000000.0,
        "Issuance Of Capital Stock": 0.0,
        "Capital Expenditure": -1015860000000.0,
        "End Cash Position": 106493055000000.0,
        "Beginning Cash Position": 70507716000000.0,
        "Effect Of Exchange Rate Changes": 87265000000.0,
        "Changes In Cash": 35898074000000.0,
        "Financing Cash Flow": -1459275000000.0,
        "Cash Dividends Paid": -2000000.0,
        "Common Stock Dividend Paid": -2000000.0,
        "Net Common Stock Issuance": 0.0,
        "Common Stock Payments": 0.0,
        "Common Stock Issuance": 0.0,
        "Net Issuance Payments Of Debt": -1459273000000.0,
        "Net Long Term Debt Issuance": -1459273000000.0,
        "Long Term Debt Payments": -3268898000000.0,
        "Long Term Debt Issuance": 1809625000000.0,
        "Investing Cash Flow": -1007900000000.0,
        "Dividends Received Cfi": 4641000000.0,
        "Net Investment Purchase And Sale": null,
        "Sale Of Investment": null,
        "Net Investment Properties Purchase And Sale": 0.0,
        "Sale Of Investment Properties": 0.0,
        "Purchase Of Investment Properties": 0.0,
        "Net Business Purchase And Sale": 372000000.0,
        "Sale Of Business": 372000000.0,
        "Purchase Of Business": 0.0,
        "Net PPE Purchase And Sale": -1012913000000.0,
        "Sale Of PPE": 2947000000.0,
        "Purchase Of PPE": -1015860000000.0,
        "Operating Cash Flow": 38365249000000.0,
        "Cash Flowsfromusedin Operating Activities Direct": 38365249000000.0,
        "Classesof Cash Payments": -120606173000000.0,
        "Other Cash Paymentsfrom Operating Activities": -10609491000000.0,
        "Paymentson Behalfof Employees": -12242695000000.0,
        "Classesof Cash Receiptsfrom Operating Activities": 158971422000000.0,
        "Other Cash Receiptsfrom Operating Activities": 3755931000000.0
      },
      "2023-12-31 00:00:00": {
        "Free Cash Flow": 25463763000000.0,
        "Repurchase Of Capital Stock": 0.0,
        "Repayment Of Debt": -37078000000.0,
        "Issuance Of Debt": 0.0,
        "Issuance Of Capital Stock": 0.0,
        "Capital Expenditure": -1287591000000.0,
        "End Cash Position": 70507716000000.0,
        "Beginning Cash Position": 45104295000000.0,
        "Effect Of Exchange Rate Changes": -55997000000.0,
        "Changes In Cash": 25459418000000.0,
        "Financing Cash Flow": -37103000000.0,
        "Cash Dividends Paid": -25000000.0,
        "Common Stock Dividend Paid": -25000000.0,
        "Net Common Stock Issuance": 0.0,
        "Common Stock Payments": 0.0,
        "Common Stock Issuance": 0.0,
        "Net Issuance Payments Of Debt": -37078000000.0,
        "Net Long Term Debt Issuance": -37078000000.0,
        "Long Term Debt Payments": -37078000000.0,
        "Long Term Debt Issuance": 0.0,
        "Investing Cash Flow": -1254833000000.0,
        "Dividends Received Cfi": 22837000000.0,
        "Net Investment Purchase And Sale": null,
        "Sale Of Investment": null,
        "Net Investment Properties Purchase And Sale": 0.0,
        "Sale Of Investment Properties": 0.0,
        "Purchase Of Investment Properties": 0.0,
        "Net Business Purchase And Sale": 0.0,
        "Sale Of Business": 0.0,
        "Purchase Of Business": 0.0,
        "Net PPE Purchase And Sale": -1277670000000.0,
        "Sale Of PPE": 9921000000.0,
        "Purchase Of PPE": -1287591000000.0,
        "Operating Cash Flow": 26751354000000.0,
        "Cash Flowsfromusedin Operating Activities Direct": 26751354000000.0,
        "Classesof Cash Payments": -114929660000000.0,
        "Other Cash Paymentsfrom Operating Activities": -17184995000000.0,
        "Paymentson Behalfof Employees": -11560011000000.0,
        "Classesof Cash Receiptsfrom Operating Activities": 141681014000000.0,
        "Other Cash Receiptsfrom Operating Activities": 11370462000000.0
      },
      "2022-12-31 00:00:00": {
        "Free Cash Flow": 14397991000000.0,
        "Repurchase Of Capital Stock": null,
        "Repayment Of Debt": -486411000000.0,
        "Issuance Of Debt": 474811000000.0,
        "Issuance Of Capital Stock": 0.0,
        "Capital Expenditure": -1142501000000.0,
        "End Cash Position": 45104295000000.0,
        "Beginning Cash Position": 28070625000000.0,
        "Effect Of Exchange Rate Changes": -206855000000.0,
        "Changes In Cash": 17240525000000.0,
        "Financing Cash Flow": -11773000000.0,
        "Cash Dividends Paid": -173000000.0,
        "Common Stock Dividend Paid": -173000000.0,
        "Net Common Stock Issuance": 0.0,
        "Common Stock Payments": null,
        "Common Stock Issuance": 0.0,
        "Net Issuance Payments Of Debt": -11600000000.0,
        "Net Long Term Debt Issuance": -11600000000.0,
        "Long Term Debt Payments": -486411000000.0,
        "Long Term Debt Issuance": 474811000000.0,
        "Investing Cash Flow": 1711806000000.0,
        "Dividends Received Cfi": 12466000000.0,
        "Net Investment Purchase And Sale": 0.0,
        "Sale Of Investment": 0.0,
        "Net Investment Properties Purchase And Sale": null,
        "Sale Of Investment Properties": null,
        "Purchase Of Investment Properties": null,
        "Net Business Purchase And Sale": null,
        "Sale Of Business": null,
        "Purchase Of Business": null,
        "Net PPE Purchase And Sale": 1699340000000.0,
        "Sale Of PPE": 2841841000000.0,
        "Purchase Of PPE": -1142501000000.0,
        "Operating Cash Flow": 15540492000000.0,
        "Cash Flowsfromusedin Operating Activities Direct": 15540492000000.0,
        "Classesof Cash Payments": -98315537000000.0,
        "Other Cash Paymentsfrom Operating Activities": -15340998000000.0,
        "Paymentson Behalfof Employees": -10527750000000.0,
        "Classesof Cash Receiptsfrom Operating Activities": 113856029000000.0,
        "Other Cash Receiptsfrom Operating Activities": 9996372000000.0
      },
      "2021-12-31 00:00:00": {
        "Free Cash Flow": -12486215000000.0,
        "Repurchase Of Capital Stock": null,
        "Repayment Of Debt": -159998000000.0,
        "Issuance Of Debt": 2495286000000.0,
        "Issuance Of Capital Stock": 2434950000000.0,
        "Capital Expenditure": -606832000000.0,
        "End Cash Position": 28070625000000.0,
        "Beginning Cash Position": 35374920000000.0,
        "Effect Of Exchange Rate Changes": -112120000000.0,
        "Changes In Cash": -7192175000000.0,
        "Financing Cash Flow": 4770149000000.0,
        "Cash Dividends Paid": -89000000.0,
        "Common Stock Dividend Paid": -89000000.0,
        "Net Common Stock Issuance": 2434950000000.0,
        "Common Stock Payments": null,
        "Common Stock Issuance": 2434950000000.0,
        "Net Issuance Payments Of Debt": 2335288000000.0,
        "Net Long Term Debt Issuance": 2335288000000.0,
        "Long Term Debt Payments": -159998000000.0,
        "Long Term Debt Issuance": 2495286000000.0,
        "Investing Cash Flow": -82941000000.0,
        "Dividends Received Cfi": 2129000000.0,
        "Net Investment Purchase And Sale": 176019000000.0,
        "Sale Of Investment": 176019000000.0,
        "Net Investment Properties Purchase And Sale": null,
        "Sale Of Investment Properties": null,
        "Purchase Of Investment Properties": null,
        "Net Business Purchase And Sale": null,
        "Sale Of Business": null,
        "Purchase Of Business": null,
        "Net PPE Purchase And Sale": -261089000000.0,
        "Sale Of PPE": 345743000000.0,
        "Purchase Of PPE": -606832000000.0,
        "Operating Cash Flow": -11879383000000.0,
        "Cash Flowsfromusedin Operating Activities Direct": -11879383000000.0,
        "Classesof Cash Payments": -80679005000000.0,
        "Other Cash Paymentsfrom Operating Activities": -2930250000000.0,
        "Paymentson Behalfof Employees": -9021951000000.0,
        "Classesof Cash Receiptsfrom Operating Activities": 68799622000000.0,
        "Other Cash Receiptsfrom Operating Activities": 6867393000000.0
      }
    }
  },
  "metrics": {
    "symbol": "STB.VN",
    "timestamp": "2026-01-09T18:25:44.614967",
    "pe_ratio": 7.9427752,
    "pb_ratio": 1.5573637,
    "dividend_yield": null,
    "beta": 1.121,
    "eps": 6521.65,
    "roe": 0.21564,
    "roa": 0.01584,
    "debt_to_equity": null,
    "current_ratio": null,
    "quick_ratio": null,
    "profit_margin": 0.40982,
    "operating_margin": 0.47171003,
    "free_cashflow": null,
    "52_week_high": 61300.0,
    "52_week_low": 32400.0,
    "revenue": 29987954491392,
    "gross_profit": 29268687978496,
    "operating_income": -69268704067584
  },
  "dividends": {
    "symbol": "STB.VN",
    "timestamp": "2026-01-09T18:25:44.697355",
    "total_records": 0,
    "dividends": []
  },
  "splits": {
    "symbol": "STB.VN",
    "timestamp": "2026-01-09T18:25:44.726819",
    "total_records": 0,
    "splits": []
  }
}