{
  "symbol": "KDH.VN",
  "timestamp": "2026-01-09T18:25:24.259754",
  "quarterly": {
    "symbol": "KDH.VN",
    "timestamp": "2026-01-09T18:25:24.549167",
    "quarterly_financials": {
      "2025-06-30 00:00:00": {
        "Tax Effect Of Unusual Items": 68892275.815615,
        "Tax Rate For Calcs": 0.200874,
        "Normalized EBITDA": 295277896000.0,
        "Total Unusual Items": 342962000.0,
        "Total Unusual Items Excluding Goodwill": 342962000.0,
        "Net Income From Continuing Operation Net Minority Interest": 198736335000.0,
        "Reconciled Depreciation": 3250678000.0,
        "Reconciled Cost Of Revenue": 641918528000.0,
        "EBITDA": 295620858000.0,
        "EBIT": 292370180000.0,
        "Net Interest Income": -49738832000.0,
        "Interest Expense": null,
        "Interest Income": 4186429000.0,
        "Normalized Income": 198462265275.8156,
        "Net Income From Continuing And Discontinued Operation": 198736335000.0,
        "Total Expenses": 754400342000.0,
        "Rent Expense Supplemental": 1734210000.0,
        "Total Operating Income As Reported": 242631348000.0,
        "Diluted Average Shares": 1214499825.0,
        "Basic Average Shares": 1214499825.0,
        "Diluted EPS": 163.636364,
        "Basic EPS": 163.636364,
        "Diluted NI Availto Com Stockholders": 198736335000.0,
        "Net Income Common Stockholders": 198736335000.0,
        "Otherunder Preferred Stock Dividend": 0.0,
        "Net Income": 198736335000.0,
        "Minority Interests": 2758028000.0,
        "Net Income Including Noncontrolling Interests": 195978307000.0,
        "Net Income Continuous Operations": 195978307000.0,
        "Tax Provision": 49262616000.0,
        "Pretax Income": 245240923000.0,
        "Other Non Operating Income Expenses": 2266613000.0,
        "Special Income Charges": 342962000.0,
        "Other Special Charges": -342962000.0,
        "Restructuring And Mergern Acquisition": null,
        "Net Non Operating Interest Income Expense": -49738832000.0,
        "Total Other Finance Cost": 53925261000.0,
        "Interest Expense Non Operating": null,
        "Interest Income Non Operating": 4186429000.0,
        "Operating Income": 292370180000.0,
        "Operating Expense": 112481814000.0,
        "Selling General And Administration": 83336477000.0,
        "Selling And Marketing Expense": 54716270000.0,
        "General And Administrative Expense": 28620207000.0,
        "Gross Profit": 404851994000.0,
        "Cost Of Revenue": 641918528000.0,
        "Total Revenue": 1046770522000.0,
        "Operating Revenue": 1046770522000.0
      },
      "2025-03-31 00:00:00": {
        "Tax Effect Of Unusual Items": 72693813.761027,
        "Tax Rate For Calcs": 0.242032,
        "Normalized EBITDA": 159741270000.0,
        "Total Unusual Items": 300348000.0,
        "Total Unusual Items Excluding Goodwill": 300348000.0,
        "Net Income From Continuing Operation Net Minority Interest": 121945223000.0,
        "Reconciled Depreciation": 3480746000.0,
        "Reconciled Cost Of Revenue": 403198348000.0,
        "EBITDA": 160041618000.0,
        "EBIT": 156560872000.0,
        "Net Interest Income": -28184707000.0,
        "Interest Expense": 0.0,
        "Interest Income": 19643193000.0,
        "Normalized Income": 121717568813.76103,
        "Net Income From Continuing And Discontinued Operation": 121945223000.0,
        "Total Expenses": 520145509000.0,
        "Rent Expense Supplemental": 1647171000.0,
        "Total Operating Income As Reported": 161555246000.0,
        "Diluted Average Shares": 1112256821.0,
        "Basic Average Shares": 1112256821.0,
        "Diluted EPS": 100.0,
        "Basic EPS": 100.0,
        "Diluted NI Availto Com Stockholders": 113409058000.0,
        "Net Income Common Stockholders": 113409058000.0,
        "Otherunder Preferred Stock Dividend": 8536165000.0,
        "Net Income": 121945223000.0,
        "Minority Interests": 3277085000.0,
        "Net Income Including Noncontrolling Interests": 118668138000.0,
        "Net Income Continuous Operations": 118668138000.0,
        "Tax Provision": 37892734000.0,
        "Pretax Income": 156560872000.0,
        "Other Non Operating Income Expenses": -5294722000.0,
        "Special Income Charges": 300348000.0,
        "Other Special Charges": -300348000.0,
        "Restructuring And Mergern Acquisition": null,
        "Net Non Operating Interest Income Expense": -28184707000.0,
        "Total Other Finance Cost": 47827900000.0,
        "Interest Expense Non Operating": 0.0,
        "Interest Income Non Operating": 19643193000.0,
        "Operating Income": 189739953000.0,
        "Operating Expense": 116947161000.0,
        "Selling General And Administration": 87776981000.0,
        "Selling And Marketing Expense": 58562554000.0,
        "General And Administrative Expense": 29214427000.0,
        "Gross Profit": 306687114000.0,
        "Cost Of Revenue": 403198348000.0,
        "Total Revenue": 709885462000.0,
        "Operating Revenue": 709885462000.0
      },
      "2024-12-31 00:00:00": {
        "Tax Effect Of Unusual Items": 17569860.495937,
        "Tax Rate For Calcs": 0.222069,
        "Normalized EBITDA": 683158754000.0,
        "Total Unusual Items": 79119000.0,
        "Total Unusual Items Excluding Goodwill": 79119000.0,
        "Net Income From Continuing Operation Net Minority Interest": 397502310000.0,
        "Reconciled Depreciation": 5129984000.0,
        "Reconciled Cost Of Revenue": 1139166413000.0,
        "EBITDA": 683237873000.0,
        "EBIT": 678107889000.0,
        "Net Interest Income": -163433898000.0,
        "Interest Expense": null,
        "Interest Income": 7382978000.0,
        "Normalized Income": 397440760860.4959,
        "Net Income From Continuing And Discontinued Operation": 397502310000.0,
        "Total Expenses": 1369421639000.0,
        "Rent Expense Supplemental": 10559591000.0,
        "Total Operating Income As Reported": 514673991000.0,
        "Diluted Average Shares": 1121160362.0,
        "Basic Average Shares": 1121160362.0,
        "Diluted EPS": 354.545455,
        "Basic EPS": 354.545455,
        "Diluted NI Availto Com Stockholders": 397502310000.0,
        "Net Income Common Stockholders": 397502310000.0,
        "Otherunder Preferred Stock Dividend": 0.0,
        "Net Income": 397502310000.0,
        "Minority Interests": 4904048000.0,
        "Net Income Including Noncontrolling Interests": 392598262000.0,
        "Net Income Continuous Operations": 392598262000.0,
        "Tax Provision": 112071375000.0,
        "Pretax Income": 504669637000.0,
        "Other Non Operating Income Expenses": -10083473000.0,
        "Special Income Charges": 79119000.0,
        "Other Special Charges": -79119000.0,
        "Restructuring And Mergern Acquisition": 0.0,
        "Net Non Operating Interest Income Expense": -163433898000.0,
        "Total Other Finance Cost": 170816876000.0,
        "Interest Expense Non Operating": null,
        "Interest Income Non Operating": 7382978000.0,
        "Operating Income": 678107889000.0,
        "Operating Expense": 230255226000.0,
        "Selling General And Administration": 200850018000.0,
        "Selling And Marketing Expense": 161579727000.0,
        "General And Administrative Expense": 39270291000.0,
        "Gross Profit": 908363115000.0,
        "Cost Of Revenue": 1139166413000.0,
        "Total Revenue": 2047529528000.0,
        "Operating Revenue": 2047529528000.0
      },
      "2024-09-30 00:00:00": {
        "Tax Effect Of Unusual Items": 25591830.516682,
        "Tax Rate For Calcs": 0.103321,
        "Normalized EBITDA": 76701589000.0,
        "Total Unusual Items": 247693000.0,
        "Total Unusual Items Excluding Goodwill": 247693000.0,
        "Net Income From Continuing Operation Net Minority Interest": 70356430000.0,
        "Reconciled Depreciation": 2945214000.0,
        "Reconciled Cost Of Revenue": 94741409000.0,
        "EBITDA": 76949282000.0,
        "EBIT": 74004068000.0,
        "Net Interest Income": -5199563000.0,
        "Interest Expense": 0.0,
        "Interest Income": 7405238000.0,
        "Normalized Income": 70134328830.51668,
        "Net Income From Continuing And Discontinued Operation": 70356430000.0,
        "Total Expenses": 161884632000.0,
        "Rent Expense Supplemental": 1769160000.0,
        "Total Operating Income As Reported": 85471584000.0,
        "Diluted Average Shares": 1172607167.0,
        "Basic Average Shares": 1172607167.0,
        "Diluted EPS": 60.0,
        "Basic EPS": 60.0,
        "Diluted NI Availto Com Stockholders": 70356430000.0,
        "Net Income Common Stockholders": 70356430000.0,
        "Otherunder Preferred Stock Dividend": 0.0,
        "Net Income": 70356430000.0,
        "Minority Interests": 3998519000.0,
        "Net Income Including Noncontrolling Interests": 66357911000.0,
        "Net Income Continuous Operations": 66357911000.0,
        "Tax Provision": 7646157000.0,
        "Pretax Income": 74004068000.0,
        "Other Non Operating Income Expenses": -11715209000.0,
        "Special Income Charges": 247693000.0,
        "Other Special Charges": -247693000.0,
        "Restructuring And Mergern Acquisition": null,
        "Net Non Operating Interest Income Expense": -5199563000.0,
        "Total Other Finance Cost": 12604801000.0,
        "Interest Expense Non Operating": 0.0,
        "Interest Income Non Operating": 7405238000.0,
        "Operating Income": 90671147000.0,
        "Operating Expense": 67143223000.0,
        "Selling General And Administration": 35176016000.0,
        "Selling And Marketing Expense": 14292321000.0,
        "General And Administrative Expense": 20883695000.0,
        "Gross Profit": 157814370000.0,
        "Cost Of Revenue": 94741409000.0,
        "Total Revenue": 252555779000.0,
        "Operating Revenue": 252555779000.0
      },
      "2024-06-30 00:00:00": {
        "Tax Effect Of Unusual Items": 202774402.195108,
        "Tax Rate For Calcs": 0.246034,
        "Normalized EBITDA": 425013884000.0,
        "Total Unusual Items": 824173000.0,
        "Total Unusual Items Excluding Goodwill": 824173000.0,
        "Net Income From Continuing Operation Net Minority Interest": 278451691000.0,
        "Reconciled Depreciation": 2984700000.0,
        "Reconciled Cost Of Revenue": 135404832000.0,
        "EBITDA": 425838057000.0,
        "EBIT": 422853357000.0,
        "Net Interest Income": -942889000.0,
        "Interest Expense": 0.0,
        "Interest Income": 10499311000.0,
        "Normalized Income": 277830292402.1951,
        "Net Income From Continuing And Discontinued Operation": 278451691000.0,
        "Total Expenses": 221684864000.0,
        "Rent Expense Supplemental": 632713000.0,
        "Total Operating Income As Reported": 421910468000.0,
        "Diluted Average Shares": 1056196069.0,
        "Basic Average Shares": 1056196069.0,
        "Diluted EPS": 263.636364,
        "Basic EPS": 263.636364,
        "Diluted NI Availto Com Stockholders": 278451691000.0,
        "Net Income Common Stockholders": 278451691000.0,
        "Otherunder Preferred Stock Dividend": 0.0,
        "Net Income": 278451691000.0,
        "Minority Interests": -1643081000.0,
        "Net Income Including Noncontrolling Interests": 280094772000.0,
        "Net Income Continuous Operations": 280094772000.0,
        "Tax Provision": 91400351000.0,
        "Pretax Income": 371495123000.0,
        "Other Non Operating Income Expenses": -51239518000.0,
        "Special Income Charges": 824173000.0,
        "Other Special Charges": -824173000.0,
        "Restructuring And Mergern Acquisition": null,
        "Net Non Operating Interest Income Expense": -942889000.0,
        "Total Other Finance Cost": 11442200000.0,
        "Interest Expense Non Operating": 0.0,
        "Interest Income Non Operating": 10499311000.0,
        "Operating Income": 422853357000.0,
        "Operating Expense": 86280032000.0,
        "Selling General And Administration": 57723060000.0,
        "Selling And Marketing Expense": 36691565000.0,
        "General And Administrative Expense": 21031495000.0,
        "Gross Profit": 509133389000.0,
        "Cost Of Revenue": 135404832000.0,
        "Total Revenue": 644538221000.0,
        "Operating Revenue": 644538221000.0
      }
    },
    "quarterly_balance_sheet": {
      "2025-06-30 00:00:00": {
        "Ordinary Shares Number": 1112256821.0,
        "Share Issued": 1112256821.0,
        "Net Debt": 6681202836000.0,
        "Total Debt": 9142400548000.0,
        "Tangible Book Value": 17658600196000.0,
        "Invested Capital": 26801029072000.0,
        "Working Capital": 25801619084000.0,
        "Net Tangible Assets": 17658600196000.0,
        "Common Stock Equity": 17658628524000.0,
        "Total Capitalization": 24575424154000.0,
        "Total Equity Gross Minority Interest": 19707351080000.0,
        "Minority Interest": 2048722556000.0,
        "Stockholders Equity": 17658628524000.0,
        "Retained Earnings": 3881763071000.0,
        "Additional Paid In Capital": 3313574244000.0,
        "Capital Stock": 10111425650000.0,
        "Common Stock": 10111425650000.0,
        "Total Liabilities Net Minority Interest": 11543731693000.0,
        "Total Non Current Liabilities Net Minority Interest": 8030169091000.0,
        "Non Current Accrued Expenses": 5689570000.0,
        "Tradeand Other Payables Non Current": 446780853000.0,
        "Non Current Deferred Revenue": 34767513000.0,
        "Non Current Deferred Taxes Liabilities": 624452565000.0,
        "Long Term Debt And Capital Lease Obligation": 6916795630000.0,
        "Long Term Debt": 6916795630000.0,
        "Long Term Provisions": 1682960000.0,
        "Current Liabilities": 3513562602000.0,
        "Current Debt And Capital Lease Obligation": 2225604918000.0,
        "Current Debt": 2225604918000.0,
        "Pensionand Other Post Retirement Benefit Plans Current": 71886696000.0,
        "Payables": 816918214000.0,
        "Other Payable": 528521753000.0,
        "Total Tax Payable": 88123085000.0,
        "Accounts Payable": 200273376000.0,
        "Total Assets": 31251082773000.0,
        "Total Non Current Assets": 1935901087000.0,
        "Non Current Prepaid Assets": 4822825000.0,
        "Non Current Deferred Taxes Assets": 506950645000.0,
        "Investmentin Financial Assets": null,
        "Held To Maturity Securities": null,
        "Investment Properties": 229850835000.0,
        "Goodwill And Other Intangible Assets": 28328000.0,
        "Other Intangible Assets": 28328000.0,
        "Net PPE": 1123213258000.0,
        "Accumulated Depreciation": -106616498000.0,
        "Gross PPE": 1229829756000.0,
        "Construction In Progress": 1053255041000.0,
        "Machinery Furniture Equipment": 124661276000.0,
        "Buildings And Improvements": 51913439000.0,
        "Properties": 0.0,
        "Current Assets": 29315181686000.0,
        "Prepaid Assets": 3250215960000.0,
        "Inventory": 23007642072000.0,
        "Finished Goods": 23007261208000.0,
        "Raw Materials": 380864000.0,
        "Other Receivables": 9904983000.0,
        "Taxes Receivable": 104404236000.0,
        "Accounts Receivable": 111360648000.0,
        "Cash Cash Equivalents And Short Term Investments": 2831653787000.0,
        "Other Short Term Investments": 370456075000.0,
        "Cash And Cash Equivalents": 2461197712000.0,
        "Cash Equivalents": 2322806635000.0,
        "Cash Financial": 138391077000.0
      },
      "2025-03-31 00:00:00": {
        "Ordinary Shares Number": 1112256821.0,
        "Share Issued": 1112256821.0,
        "Net Debt": 5292946131000.0,
        "Total Debt": 7399942349000.0,
        "Tangible Book Value": 17516579695000.0,
        "Invested Capital": 24916563487000.0,
        "Working Capital": 25068859899000.0,
        "Net Tangible Assets": 17516579695000.0,
        "Common Stock Equity": 17516621138000.0,
        "Total Capitalization": 23816563487000.0,
        "Total Equity Gross Minority Interest": 19568101722000.0,
        "Minority Interest": 2051480584000.0,
        "Stockholders Equity": 17516621138000.0,
        "Retained Earnings": 3739755685000.0,
        "Additional Paid In Capital": 3313574244000.0,
        "Capital Stock": 10111425650000.0,
        "Common Stock": 10111425650000.0,
        "Total Liabilities Net Minority Interest": 10633615574000.0,
        "Total Non Current Liabilities Net Minority Interest": 7419595460000.0,
        "Non Current Accrued Expenses": 3679843000.0,
        "Tradeand Other Payables Non Current": 446862061000.0,
        "Non Current Deferred Revenue": 33458957000.0,
        "Non Current Deferred Taxes Liabilities": 633905184000.0,
        "Long Term Debt And Capital Lease Obligation": 6299942349000.0,
        "Long Term Debt": 6299942349000.0,
        "Long Term Provisions": 1747066000.0,
        "Current Liabilities": 3214020114000.0,
        "Current Debt And Capital Lease Obligation": 1100000000000.0,
        "Current Debt": 1100000000000.0,
        "Pensionand Other Post Retirement Benefit Plans Current": 21983883000.0,
        "Payables": 764011536000.0,
        "Other Payable": 502830513000.0,
        "Total Tax Payable": 40359110000.0,
        "Accounts Payable": 220821913000.0,
        "Total Assets": 30201717296000.0,
        "Total Non Current Assets": 1918837283000.0,
        "Non Current Prepaid Assets": 4198642000.0,
        "Non Current Deferred Taxes Assets": 507217517000.0,
        "Investmentin Financial Assets": null,
        "Held To Maturity Securities": null,
        "Investment Properties": 231154167000.0,
        "Goodwill And Other Intangible Assets": 41443000.0,
        "Other Intangible Assets": 41443000.0,
        "Net PPE": 1107233131000.0,
        "Accumulated Depreciation": -104683582000.0,
        "Gross PPE": 1211916713000.0,
        "Construction In Progress": 1035341998000.0,
        "Machinery Furniture Equipment": 124661276000.0,
        "Buildings And Improvements": 51913439000.0,
        "Properties": 0.0,
        "Current Assets": 28282880013000.0,
        "Prepaid Assets": 3222794654000.0,
        "Inventory": 22404478200000.0,
        "Finished Goods": 22403845776000.0,
        "Raw Materials": 632424000.0,
        "Other Receivables": 8936878000.0,
        "Taxes Receivable": 106607495000.0,
        "Accounts Receivable": 173085806000.0,
        "Cash Cash Equivalents And Short Term Investments": 2366976980000.0,
        "Other Short Term Investments": 259980762000.0,
        "Cash And Cash Equivalents": 2106996218000.0,
        "Cash Equivalents": 2049357149000.0,
        "Cash Financial": 57639069000.0
      },
      "2024-12-31 00:00:00": {
        "Ordinary Shares Number": 1112256821.0,
        "Share Issued": 1112256821.0,
        "Net Debt": 4002587682000.0,
        "Total Debt": 7098206256000.0,
        "Tangible Book Value": 17394675915000.0,
        "Invested Capital": 24492882171000.0,
        "Working Capital": 24661295063000.0,
        "Net Tangible Assets": 17394675915000.0,
        "Common Stock Equity": 17394675915000.0,
        "Total Capitalization": 23392882171000.0,
        "Total Equity Gross Minority Interest": 19453433584000.0,
        "Minority Interest": 2058757669000.0,
        "Stockholders Equity": 17394675915000.0,
        "Retained Earnings": 3617810462000.0,
        "Additional Paid In Capital": 3313574244000.0,
        "Capital Stock": 10111425650000.0,
        "Common Stock": 10111425650000.0,
        "Total Liabilities Net Minority Interest": 11304286326000.0,
        "Total Non Current Liabilities Net Minority Interest": 7122040124000.0,
        "Non Current Accrued Expenses": 4642067000.0,
        "Tradeand Other Payables Non Current": 449265711000.0,
        "Non Current Deferred Revenue": 34609526000.0,
        "Non Current Deferred Taxes Liabilities": 633569498000.0,
        "Long Term Debt And Capital Lease Obligation": 5998206256000.0,
        "Long Term Debt": 5998206256000.0,
        "Long Term Provisions": 1747066000.0,
        "Current Liabilities": 4182246202000.0,
        "Current Debt And Capital Lease Obligation": 1100000000000.0,
        "Current Debt": 1100000000000.0,
        "Pensionand Other Post Retirement Benefit Plans Current": 53123491000.0,
        "Payables": 1061173330000.0,
        "Other Payable": 495379132000.0,
        "Total Tax Payable": 277484988000.0,
        "Accounts Payable": 288309210000.0,
        "Total Assets": 30757719910000.0,
        "Total Non Current Assets": 1914178645000.0,
        "Non Current Prepaid Assets": 3808390000.0,
        "Non Current Deferred Taxes Assets": 507167783000.0,
        "Investmentin Financial Assets": 0.0,
        "Held To Maturity Securities": 0.0,
        "Investment Properties": 233048011000.0,
        "Goodwill And Other Intangible Assets": 0.0,
        "Other Intangible Assets": null,
        "Net PPE": 1101139065000.0,
        "Accumulated Depreciation": -102724759000.0,
        "Gross PPE": 1203863824000.0,
        "Construction In Progress": 1027797349000.0,
        "Machinery Furniture Equipment": 124286016000.0,
        "Buildings And Improvements": 51780459000.0,
        "Properties": 0.0,
        "Current Assets": 28843541265000.0,
        "Prepaid Assets": 3005869212000.0,
        "Inventory": 22178035895000.0,
        "Finished Goods": 22177757153000.0,
        "Raw Materials": 278742000.0,
        "Other Receivables": 16068754000.0,
        "Taxes Receivable": 104889634000.0,
        "Accounts Receivable": 166189648000.0,
        "Cash Cash Equivalents And Short Term Investments": 3372488122000.0,
        "Other Short Term Investments": 276869548000.0,
        "Cash And Cash Equivalents": 3095618574000.0,
        "Cash Equivalents": 3082729175000.0,
        "Cash Financial": 12889399000.0
      },
      "2024-09-30 00:00:00": {
        "Ordinary Shares Number": 1100378495.0,
        "Share Issued": 1100378495.0,
        "Net Debt": 4513170203000.0,
        "Total Debt": 7808449482000.0,
        "Tangible Book Value": 16812908941000.0,
        "Invested Capital": 24621358423000.0,
        "Working Capital": 24948773878000.0,
        "Net Tangible Assets": 16812908941000.0,
        "Common Stock Equity": 16812908941000.0,
        "Total Capitalization": 23521358423000.0,
        "Total Equity Gross Minority Interest": 18882913295000.0,
        "Minority Interest": 2070004354000.0,
        "Stockholders Equity": 16812908941000.0,
        "Retained Earnings": 4128648376000.0,
        "Additional Paid In Capital": 3237974244000.0,
        "Capital Stock": 9094037150000.0,
        "Common Stock": 9094037150000.0,
        "Total Liabilities Net Minority Interest": 12722471213000.0,
        "Total Non Current Liabilities Net Minority Interest": 7815848747000.0,
        "Non Current Accrued Expenses": 5160256000.0,
        "Tradeand Other Payables Non Current": 453109002000.0,
        "Non Current Deferred Revenue": 14091397000.0,
        "Non Current Deferred Taxes Liabilities": 633288375000.0,
        "Long Term Debt And Capital Lease Obligation": 6708449482000.0,
        "Long Term Debt": 6708449482000.0,
        "Long Term Provisions": 1750235000.0,
        "Current Liabilities": 4906622466000.0,
        "Current Debt And Capital Lease Obligation": 1100000000000.0,
        "Current Debt": 1100000000000.0,
        "Pensionand Other Post Retirement Benefit Plans Current": 63875315000.0,
        "Payables": 769016382000.0,
        "Other Payable": 415149779000.0,
        "Total Tax Payable": 158692096000.0,
        "Accounts Payable": 195174507000.0,
        "Total Assets": 31605384508000.0,
        "Total Non Current Assets": 1749988164000.0,
        "Non Current Prepaid Assets": 3245884000.0,
        "Non Current Deferred Taxes Assets": 507187105000.0,
        "Investmentin Financial Assets": 0.0,
        "Held To Maturity Securities": 0.0,
        "Investment Properties": 127786621000.0,
        "Goodwill And Other Intangible Assets": 0.0,
        "Other Intangible Assets": null,
        "Net PPE": 1042032722000.0,
        "Accumulated Depreciation": -101283429000.0,
        "Gross PPE": 1143316151000.0,
        "Construction In Progress": 966563333000.0,
        "Machinery Furniture Equipment": 124972359000.0,
        "Buildings And Improvements": 51780459000.0,
        "Properties": 0.0,
        "Current Assets": 29855396344000.0,
        "Prepaid Assets": 3861459993000.0,
        "Inventory": 22449984006000.0,
        "Finished Goods": 22449608061000.0,
        "Raw Materials": 375945000.0,
        "Other Receivables": 10198505000.0,
        "Taxes Receivable": 127805339000.0,
        "Accounts Receivable": 90380436000.0,
        "Cash Cash Equivalents And Short Term Investments": 3315568065000.0,
        "Other Short Term Investments": 20288786000.0,
        "Cash And Cash Equivalents": 3295279279000.0,
        "Cash Equivalents": 3258642956000.0,
        "Cash Financial": 36636323000.0
      },
      "2024-06-30 00:00:00": {
        "Ordinary Shares Number": 967167484.0,
        "Share Issued": 967167484.0,
        "Net Debt": 5178825888000.0,
        "Total Debt": 7740419114000.0,
        "Tangible Book Value": 13742474895000.0,
        "Invested Capital": 21482894009000.0,
        "Working Capital": 21271759136000.0,
        "Net Tangible Assets": 13742474895000.0,
        "Common Stock Equity": 13742474895000.0,
        "Total Capitalization": 19813353889000.0,
        "Total Equity Gross Minority Interest": 15816289216000.0,
        "Minority Interest": 2073814321000.0,
        "Stockholders Equity": 13742474895000.0,
        "Retained Earnings": 4058214354000.0,
        "Additional Paid In Capital": 1338891660000.0,
        "Capital Stock": 7993119710000.0,
        "Common Stock": 7993119710000.0,
        "Total Liabilities Net Minority Interest": 12585041651000.0,
        "Total Non Current Liabilities Net Minority Interest": 7202197613000.0,
        "Non Current Accrued Expenses": 4290817000.0,
        "Tradeand Other Payables Non Current": 454575998000.0,
        "Non Current Deferred Revenue": 13890798000.0,
        "Non Current Deferred Taxes Liabilities": 656821850000.0,
        "Long Term Debt And Capital Lease Obligation": 6070878994000.0,
        "Long Term Debt": 6070878994000.0,
        "Long Term Provisions": 1739156000.0,
        "Current Liabilities": 5382844038000.0,
        "Current Debt And Capital Lease Obligation": 1669540120000.0,
        "Current Debt": 1669540120000.0,
        "Pensionand Other Post Retirement Benefit Plans Current": 73071656000.0,
        "Payables": 695227734000.0,
        "Other Payable": 419456328000.0,
        "Total Tax Payable": 128382895000.0,
        "Accounts Payable": 147388511000.0,
        "Total Assets": 28401330867000.0,
        "Total Non Current Assets": 1746727693000.0,
        "Non Current Prepaid Assets": 3543207000.0,
        "Non Current Deferred Taxes Assets": 506950427000.0,
        "Investmentin Financial Assets": 0.0,
        "Held To Maturity Securities": 0.0,
        "Investment Properties": 128783314000.0,
        "Goodwill And Other Intangible Assets": 0.0,
        "Other Intangible Assets": null,
        "Net PPE": 1037063332000.0,
        "Accumulated Depreciation": -99166918000.0,
        "Gross PPE": 1136230250000.0,
        "Construction In Progress": 959744687000.0,
        "Machinery Furniture Equipment": 124705104000.0,
        "Buildings And Improvements": 51780459000.0,
        "Properties": 0.0,
        "Current Assets": 26654603174000.0,
        "Prepaid Assets": 2445661485000.0,
        "Inventory": 21458327231000.0,
        "Finished Goods": 21457675872000.0,
        "Raw Materials": 651359000.0,
        "Other Receivables": 11637017000.0,
        "Taxes Receivable": 91559988000.0,
        "Accounts Receivable": 66355113000.0,
        "Cash Cash Equivalents And Short Term Investments": 2581062340000.0,
        "Other Short Term Investments": 19469114000.0,
        "Cash And Cash Equivalents": 2561593226000.0,
        "Cash Equivalents": 2552707197000.0,
        "Cash Financial": 8886029000.0
      }
    },
    "quarterly_cash_flow": {
      "2025-06-30 00:00:00": {
        "Free Cash Flow": -1280322508000.0,
        "Repurchase Of Capital Stock": 0.0,
        "Repayment Of Debt": -1258235252000.0,
        "Issuance Of Debt": 3000693451000.0,
        "Issuance Of Capital Stock": null,
        "Capital Expenditure": -18523809000.0,
        "End Cash Position": 2461197712000.0,
        "Beginning Cash Position": 2106996218000.0,
        "Changes In Cash": 354201494000.0,
        "Financing Cash Flow": 1742458199000.0,
        "Net Common Stock Issuance": 0.0,
        "Common Stock Payments": 0.0,
        "Common Stock Issuance": null,
        "Net Issuance Payments Of Debt": 1742458199000.0,
        "Net Long Term Debt Issuance": 1742458199000.0,
        "Long Term Debt Payments": -1258235252000.0,
        "Long Term Debt Issuance": 3000693451000.0,
        "Investing Cash Flow": -126458006000.0,
        "Interest Received Cfi": 2541116000.0,
        "Net Investment Purchase And Sale": -110475313000.0,
        "Sale Of Investment": 0.0,
        "Purchase Of Investment": -110475313000.0,
        "Net PPE Purchase And Sale": -18523809000.0,
        "Sale Of PPE": null,
        "Purchase Of PPE": -18523809000.0,
        "Operating Cash Flow": -1261798699000.0,
        "Taxes Refund Paid": -9493390000.0,
        "Interest Paid Cfo": -174733687000.0,
        "Change In Working Capital": -1314986552000.0,
        "Change In Payable": -755792622000.0,
        "Change In Prepaid Assets": 106038622000.0,
        "Change In Inventory": -603163872000.0,
        "Change In Receivables": -62068680000.0,
        "Provisionand Write Offof Assets": null,
        "Depreciation And Amortization": 3250678000.0,
        "Depreciation": 3250678000.0,
        "Gain Loss On Investment Securities": -4186429000.0,
        "Net Income From Continuing Operations": 245240923000.0
      },
      "2025-03-31 00:00:00": {
        "Free Cash Flow": -1324216785000.0,
        "Repurchase Of Capital Stock": -3311570000.0,
        "Repayment Of Debt": 0.0,
        "Issuance Of Debt": 301736093000.0,
        "Issuance Of Capital Stock": null,
        "Capital Expenditure": -8105349000.0,
        "End Cash Position": 2106996218000.0,
        "Beginning Cash Position": 3095618574000.0,
        "Changes In Cash": -988622356000.0,
        "Financing Cash Flow": 298424523000.0,
        "Net Common Stock Issuance": -3311570000.0,
        "Common Stock Payments": -3311570000.0,
        "Common Stock Issuance": null,
        "Net Issuance Payments Of Debt": 301736093000.0,
        "Net Long Term Debt Issuance": 301736093000.0,
        "Long Term Debt Payments": 0.0,
        "Long Term Debt Issuance": 301736093000.0,
        "Investing Cash Flow": 29064557000.0,
        "Interest Received Cfi": 20281120000.0,
        "Net Investment Purchase And Sale": 16888786000.0,
        "Sale Of Investment": 18108493000.0,
        "Purchase Of Investment": -1219707000.0,
        "Net PPE Purchase And Sale": -8105349000.0,
        "Sale Of PPE": null,
        "Purchase Of PPE": -8105349000.0,
        "Operating Cash Flow": -1316111436000.0,
        "Taxes Refund Paid": -265064513000.0,
        "Interest Paid Cfo": -200653166000.0,
        "Change In Working Capital": -959652574000.0,
        "Change In Payable": -513461832000.0,
        "Change In Prepaid Assets": 74102913000.0,
        "Change In Inventory": -226442305000.0,
        "Change In Receivables": -293851350000.0,
        "Provisionand Write Offof Assets": null,
        "Depreciation And Amortization": 3480746000.0,
        "Depreciation": 3480746000.0,
        "Gain Loss On Investment Securities": -19643193000.0,
        "Net Income From Continuing Operations": 156560872000.0
      },
      "2024-12-31 00:00:00": {
        "Free Cash Flow": 1180617883000.0,
        "Repurchase Of Capital Stock": -4473280000.0,
        "Repayment Of Debt": -975746999000.0,
        "Issuance Of Debt": 265503773000.0,
        "Issuance Of Capital Stock": 183600000000.0,
        "Capital Expenditure": -61177170000.0,
        "End Cash Position": 3095618574000.0,
        "Beginning Cash Position": 3295279279000.0,
        "Changes In Cash": -199660705000.0,
        "Financing Cash Flow": -531116506000.0,
        "Net Common Stock Issuance": 179126720000.0,
        "Common Stock Payments": -4473280000.0,
        "Common Stock Issuance": 183600000000.0,
        "Net Issuance Payments Of Debt": -710243226000.0,
        "Net Long Term Debt Issuance": -5075216437000.0,
        "Long Term Debt Payments": -975746999000.0,
        "Long Term Debt Issuance": null,
        "Investing Cash Flow": -910339252000.0,
        "Interest Received Cfi": 7708680000.0,
        "Net Investment Purchase And Sale": null,
        "Sale Of Investment": null,
        "Purchase Of Investment": null,
        "Net PPE Purchase And Sale": -61467170000.0,
        "Sale Of PPE": 0.0,
        "Purchase Of PPE": -61177170000.0,
        "Operating Cash Flow": 1241795053000.0,
        "Taxes Refund Paid": 978129000.0,
        "Interest Paid Cfo": -164261888000.0,
        "Change In Working Capital": 914153100000.0,
        "Change In Payable": -653153364000.0,
        "Change In Prepaid Assets": 315328417000.0,
        "Change In Inventory": 169023921000.0,
        "Change In Receivables": 1082954126000.0,
        "Provisionand Write Offof Assets": null,
        "Depreciation And Amortization": 5129984000.0,
        "Depreciation": 5129984000.0,
        "Gain Loss On Investment Securities": -8099016000.0,
        "Net Income From Continuing Operations": 504783162000.0
      },
      "2024-09-30 00:00:00": {
        "Free Cash Flow": -2342154096000.0,
        "Repurchase Of Capital Stock": 0.0,
        "Repayment Of Debt": -2074085883000.0,
        "Issuance Of Debt": 2142116251000.0,
        "Issuance Of Capital Stock": 3000200024000.0,
        "Capital Expenditure": -9996230000.0,
        "End Cash Position": 3295279279000.0,
        "Beginning Cash Position": 2561584732000.0,
        "Changes In Cash": 733694547000.0,
        "Financing Cash Flow": 3068230392000.0,
        "Net Common Stock Issuance": 3000200024000.0,
        "Common Stock Payments": 0.0,
        "Common Stock Issuance": 3000200024000.0,
        "Net Issuance Payments Of Debt": 68030368000.0,
        "Net Long Term Debt Issuance": 68030368000.0,
        "Long Term Debt Payments": -2074085883000.0,
        "Long Term Debt Issuance": 2142116251000.0,
        "Investing Cash Flow": -2377979000.0,
        "Interest Received Cfi": 8147923000.0,
        "Net Investment Purchase And Sale": null,
        "Sale Of Investment": null,
        "Purchase Of Investment": null,
        "Net PPE Purchase And Sale": -9706230000.0,
        "Sale Of PPE": -39790000.0,
        "Purchase Of PPE": -9996230000.0,
        "Operating Cash Flow": -2332157866000.0,
        "Taxes Refund Paid": -1105314000.0,
        "Interest Paid Cfo": -216707355000.0,
        "Change In Working Capital": -2174792280000.0,
        "Change In Payable": 185209125000.0,
        "Change In Prepaid Assets": 6818216000.0,
        "Change In Inventory": -896103457000.0,
        "Change In Receivables": -1470716164000.0,
        "Provisionand Write Offof Assets": null,
        "Depreciation And Amortization": 2945214000.0,
        "Depreciation": 2945214000.0,
        "Gain Loss On Investment Securities": -7558231000.0,
        "Net Income From Continuing Operations": 74004068000.0
      },
      "2024-06-30 00:00:00": {
        "Free Cash Flow": -50623468000.0,
        "Repurchase Of Capital Stock": 0.0,
        "Repayment Of Debt": -114337999000.0,
        "Issuance Of Debt": 180438019000.0,
        "Issuance Of Capital Stock": null,
        "Capital Expenditure": -24184675000.0,
        "End Cash Position": 2561584732000.0,
        "Beginning Cash Position": 2534613209000.0,
        "Changes In Cash": 26971523000.0,
        "Financing Cash Flow": 66100020000.0,
        "Net Common Stock Issuance": 0.0,
        "Common Stock Payments": 0.0,
        "Common Stock Issuance": null,
        "Net Issuance Payments Of Debt": 66100020000.0,
        "Net Long Term Debt Issuance": 66100020000.0,
        "Long Term Debt Payments": -114337999000.0,
        "Long Term Debt Issuance": 180438019000.0,
        "Investing Cash Flow": -12689704000.0,
        "Interest Received Cfi": 9744971000.0,
        "Net Investment Purchase And Sale": 1750000000.0,
        "Sale Of Investment": 2482557000.0,
        "Purchase Of Investment": -732557000.0,
        "Net PPE Purchase And Sale": -24184675000.0,
        "Sale Of PPE": null,
        "Purchase Of PPE": -24184675000.0,
        "Operating Cash Flow": -26438793000.0,
        "Taxes Refund Paid": 10171170000.0,
        "Interest Paid Cfo": -174081163000.0,
        "Change In Working Capital": -213297018000.0,
        "Change In Payable": 1017550717000.0,
        "Change In Prepaid Assets": -24582738000.0,
        "Change In Inventory": -1063044223000.0,
        "Change In Receivables": -143220774000.0,
        "Provisionand Write Offof Assets": 579942000.0,
        "Depreciation And Amortization": 2984700000.0,
        "Depreciation": 2984700000.0,
        "Gain Loss On Investment Securities": -10499310000.0,
        "Net Income From Continuing Operations": 370602137000.0
      }
    }
  },
  "annual": {
    "symbol": "KDH.VN",
    "timestamp": "2026-01-09T18:25:25.058309",
    "annual_financials": {
      "2024-12-31 00:00:00": {
        "Tax Effect Of Unusual Items": 909868404.870328,
        "Tax Rate For Calcs": 0.235393,
        "Normalized EBITDA": 1276697422000.0,
        "Total Unusual Items": 3865314000.0,
        "Total Unusual Items Excluding Goodwill": 3865314000.0,
        "Net Income From Continuing Operation Net Minority Interest": 810413554000.0,
        "Reconciled Depreciation": 13552292000.0,
        "Reconciled Cost Of Revenue": 1539036889000.0,
        "EBITDA": 1280562736000.0,
        "EBIT": 1267010444000.0,
        "Net Interest Income": -177832528000.0,
        "Interest Expense": 215961728000.0,
        "Interest Income": 38189200000.0,
        "Normalized Income": 807458108404.8704,
        "Net Income From Continuing And Discontinued Operation": 810413554000.0,
        "Total Expenses": 1970904895000.0,
        "Rent Expense Supplemental": 5415399000.0,
        "Total Operating Income As Reported": 1129846783000.0,
        "Diluted Average Shares": 1033110868.0,
        "Basic Average Shares": 1033110868.0,
        "Diluted EPS": 727.272727,
        "Basic EPS": 727.272727,
        "Diluted NI Availto Com Stockholders": 753684605000.0,
        "Net Income Common Stockholders": 753684605000.0,
        "Otherunder Preferred Stock Dividend": 56728949000.0,
        "Net Income": 810413554000.0,
        "Minority Interests": 6774497000.0,
        "Net Income Including Noncontrolling Interests": 803639057000.0,
        "Net Income Continuous Operations": 803639057000.0,
        "Tax Provision": 247409659000.0,
        "Pretax Income": 1051048716000.0,
        "Other Non Operating Income Expenses": -82663381000.0,
        "Special Income Charges": 3865314000.0,
        "Other Special Charges": -3865314000.0,
        "Restructuring And Mergern Acquisition": 0.0,
        "Net Non Operating Interest Income Expense": -177832528000.0,
        "Total Other Finance Cost": 60000000.0,
        "Interest Expense Non Operating": 215961728000.0,
        "Interest Income Non Operating": 38189200000.0,
        "Operating Income": 1307679311000.0,
        "Operating Expense": 431868006000.0,
        "Selling General And Administration": 324971934000.0,
        "Selling And Marketing Expense": 211253517000.0,
        "General And Administrative Expense": 113718417000.0,
        "Gross Profit": 1739547317000.0,
        "Cost Of Revenue": 1539036889000.0,
        "Total Revenue": 3278584206000.0,
        "Operating Revenue": 3278584206000.0
      },
      "2023-12-31 00:00:00": {
        "Tax Effect Of Unusual Items": 11707780361.199507,
        "Tax Rate For Calcs": 0.317605,
        "Normalized EBITDA": 1179351816000.0,
        "Total Unusual Items": 36862749000.0,
        "Total Unusual Items Excluding Goodwill": 36862749000.0,
        "Net Income From Continuing Operation Net Minority Interest": 715673834000.0,
        "Reconciled Depreciation": -4530661000.0,
        "Reconciled Cost Of Revenue": 501132984000.0,
        "EBITDA": 1216214565000.0,
        "EBIT": 1216214565000.0,
        "Net Interest Income": -97943692000.0,
        "Interest Expense": 147186146000.0,
        "Interest Income": 47704916000.0,
        "Normalized Income": 690518865361.1995,
        "Net Income From Continuing And Discontinued Operation": 715673834000.0,
        "Total Expenses": 868095118000.0,
        "Rent Expense Supplemental": 7496027000.0,
        "Total Operating Income As Reported": 1121731867000.0,
        "Diluted Average Shares": 969869546.0,
        "Basic Average Shares": 969869546.0,
        "Diluted EPS": 681.818182,
        "Basic EPS": 681.818182,
        "Diluted NI Availto Com Stockholders": 665576665000.0,
        "Net Income Common Stockholders": 665576665000.0,
        "Otherunder Preferred Stock Dividend": 50097169000.0,
        "Net Income": 715673834000.0,
        "Minority Interests": -13826192000.0,
        "Net Income Including Noncontrolling Interests": 729500026000.0,
        "Net Income Continuous Operations": 729500026000.0,
        "Tax Provision": 339528393000.0,
        "Pretax Income": 1069028419000.0,
        "Other Non Operating Income Expenses": -89566197000.0,
        "Special Income Charges": 36862749000.0,
        "Other Special Charges": -17348883000.0,
        "Restructuring And Mergern Acquisition": -19513866000.0,
        "Net Non Operating Interest Income Expense": -97943692000.0,
        "Total Other Finance Cost": -1537538000.0,
        "Interest Expense Non Operating": 147186146000.0,
        "Interest Income Non Operating": 47704916000.0,
        "Operating Income": 1219675559000.0,
        "Operating Expense": 366962134000.0,
        "Selling General And Administration": 262448769000.0,
        "Selling And Marketing Expense": 155211183000.0,
        "General And Administrative Expense": 107237586000.0,
        "Gross Profit": 1586637693000.0,
        "Cost Of Revenue": 501132984000.0,
        "Total Revenue": 2087770677000.0,
        "Operating Revenue": 2087770677000.0
      },
      "2022-12-31 00:00:00": {
        "Tax Effect Of Unusual Items": 101558539573.93095,
        "Tax Rate For Calcs": 0.23277,
        "Normalized EBITDA": 983630735000.0,
        "Total Unusual Items": 436304611000.0,
        "Total Unusual Items Excluding Goodwill": 436304611000.0,
        "Net Income From Continuing Operation Net Minority Interest": 1102953667000.0,
        "Reconciled Depreciation": -254949072000.0,
        "Reconciled Cost Of Revenue": 1452443758000.0,
        "EBITDA": 1419935346000.0,
        "EBIT": 1419935346000.0,
        "Net Interest Income": -73299851000.0,
        "Interest Expense": 9345992000.0,
        "Interest Income": 16618352000.0,
        "Normalized Income": 768207595573.9309,
        "Net Income From Continuing And Discontinued Operation": 1102953667000.0,
        "Total Expenses": 1846858403000.0,
        "Rent Expense Supplemental": 1115987000.0,
        "Total Operating Income As Reported": 991804949000.0,
        "Diluted Average Shares": 947543605.0,
        "Basic Average Shares": 947543605.0,
        "Diluted EPS": 1082.644628,
        "Basic EPS": 1082.644628,
        "Diluted NI Availto Com Stockholders": 1025746911000.0,
        "Net Income Common Stockholders": 1025746911000.0,
        "Otherunder Preferred Stock Dividend": 77206756000.0,
        "Net Income": 1102953667000.0,
        "Minority Interests": 20706923000.0,
        "Net Income Including Noncontrolling Interests": 1082246744000.0,
        "Net Income Continuous Operations": 1082246744000.0,
        "Tax Provision": 328342610000.0,
        "Pretax Income": 1410589354000.0,
        "Other Non Operating Income Expenses": -17520206000.0,
        "Special Income Charges": 436304611000.0,
        "Other Special Charges": -166997008000.0,
        "Restructuring And Mergern Acquisition": -269307603000.0,
        "Net Non Operating Interest Income Expense": -73299851000.0,
        "Total Other Finance Cost": 80572211000.0,
        "Interest Expense Non Operating": 9345992000.0,
        "Interest Income Non Operating": 16618352000.0,
        "Operating Income": 1065104800000.0,
        "Operating Expense": 394414645000.0,
        "Selling General And Administration": 273141159000.0,
        "Selling And Marketing Expense": 166014881000.0,
        "General And Administrative Expense": 107126278000.0,
        "Gross Profit": 1459519445000.0,
        "Cost Of Revenue": 1452443758000.0,
        "Total Revenue": 2911963203000.0,
        "Operating Revenue": 2911963203000.0
      },
      "2021-12-31 00:00:00": {
        "Tax Effect Of Unusual Items": 43857799874.97293,
        "Tax Rate For Calcs": 0.217816,
        "Normalized EBITDA": 1354558788000.0,
        "Total Unusual Items": 201352174000.0,
        "Total Unusual Items Excluding Goodwill": 201352174000.0,
        "Net Income From Continuing Operation Net Minority Interest": 1202474135000.0,
        "Reconciled Depreciation": -188060085000.0,
        "Reconciled Cost Of Revenue": 1944624143000.0,
        "EBITDA": 1555910962000.0,
        "EBIT": 1555910962000.0,
        "Net Interest Income": -51827577000.0,
        "Interest Expense": 15928769000.0,
        "Interest Income": 20873540000.0,
        "Normalized Income": 1044979760874.9729,
        "Net Income From Continuing And Discontinued Operation": 1202474135000.0,
        "Total Expenses": 2331224875000.0,
        "Rent Expense Supplemental": 1926614000.0,
        "Total Operating Income As Reported": 1355315089000.0,
        "Diluted Average Shares": 916540731.0,
        "Basic Average Shares": 916540731.0,
        "Diluted EPS": 1217.129977,
        "Basic EPS": 1217.129977,
        "Diluted NI Availto Com Stockholders": 1118300945000.0,
        "Net Income Common Stockholders": 1118300945000.0,
        "Otherunder Preferred Stock Dividend": 84173190000.0,
        "Net Income": 1202474135000.0,
        "Minority Interests": -2074725000.0,
        "Net Income Including Noncontrolling Interests": 1204548860000.0,
        "Net Income Continuous Operations": 1204548860000.0,
        "Tax Provision": 335433333000.0,
        "Pretax Income": 1539982193000.0,
        "Other Non Operating Income Expenses": -16685070000.0,
        "Special Income Charges": 201352174000.0,
        "Other Special Charges": -2816030000.0,
        "Restructuring And Mergern Acquisition": -198536144000.0,
        "Net Non Operating Interest Income Expense": -51827577000.0,
        "Total Other Finance Cost": 56772348000.0,
        "Interest Expense Non Operating": 15928769000.0,
        "Interest Income Non Operating": 20873540000.0,
        "Operating Income": 1407142666000.0,
        "Operating Expense": 386600732000.0,
        "Selling General And Administration": 269754662000.0,
        "Selling And Marketing Expense": 195763193000.0,
        "General And Administrative Expense": 73991469000.0,
        "Gross Profit": 1793743398000.0,
        "Cost Of Revenue": 1944624143000.0,
        "Total Revenue": 3738367541000.0,
        "Operating Revenue": 3738367541000.0
      }
    },
    "annual_balance_sheet": {
      "2024-12-31 00:00:00": {
        "Treasury Shares Number": null,
        "Ordinary Shares Number": 1112256821.0,
        "Share Issued": 1112256821.0,
        "Net Debt": 4002587682000.0,
        "Total Debt": 7098206256000.0,
        "Tangible Book Value": 17394675915000.0,
        "Invested Capital": 24492882171000.0,
        "Working Capital": 24661295063000.0,
        "Net Tangible Assets": 17394675915000.0,
        "Common Stock Equity": 17394675915000.0,
        "Total Capitalization": 23392882171000.0,
        "Total Equity Gross Minority Interest": 19453433584000.0,
        "Minority Interest": 2058757669000.0,
        "Stockholders Equity": 17394675915000.0,
        "Treasury Stock": null,
        "Retained Earnings": 3617810462000.0,
        "Additional Paid In Capital": 3313574244000.0,
        "Capital Stock": 10111425650000.0,
        "Common Stock": 10111425650000.0,
        "Total Liabilities Net Minority Interest": 11304286326000.0,
        "Total Non Current Liabilities Net Minority Interest": 7122040124000.0,
        "Non Current Accrued Expenses": 4642067000.0,
        "Tradeand Other Payables Non Current": 449265711000.0,
        "Non Current Deferred Revenue": 34609526000.0,
        "Non Current Deferred Taxes Liabilities": 633569498000.0,
        "Long Term Debt And Capital Lease Obligation": 5998206256000.0,
        "Long Term Debt": 5998206256000.0,
        "Long Term Provisions": 1747066000.0,
        "Current Liabilities": 4182246202000.0,
        "Current Debt And Capital Lease Obligation": 1100000000000.0,
        "Current Debt": 1100000000000.0,
        "Pensionand Other Post Retirement Benefit Plans Current": 53123491000.0,
        "Payables": 1061173330000.0,
        "Other Payable": 495379132000.0,
        "Total Tax Payable": 277484988000.0,
        "Accounts Payable": 288309210000.0,
        "Total Assets": 30757719910000.0,
        "Total Non Current Assets": 1914178645000.0,
        "Non Current Prepaid Assets": 3808390000.0,
        "Non Current Deferred Taxes Assets": 507167783000.0,
        "Investmentin Financial Assets": 0.0,
        "Held To Maturity Securities": 0.0,
        "Long Term Equity Investment": null,
        "Investments In Other Ventures Under Equity Method": null,
        "Investment Properties": 233048011000.0,
        "Goodwill And Other Intangible Assets": 0.0,
        "Goodwill": null,
        "Net PPE": 1101139065000.0,
        "Accumulated Depreciation": -102724759000.0,
        "Gross PPE": 1203863824000.0,
        "Construction In Progress": 1027797349000.0,
        "Machinery Furniture Equipment": 124286016000.0,
        "Buildings And Improvements": 51780459000.0,
        "Properties": 0.0,
        "Current Assets": 28843541265000.0,
        "Prepaid Assets": 3005869212000.0,
        "Inventory": 22178035895000.0,
        "Finished Goods": 22177757153000.0,
        "Raw Materials": 278742000.0,
        "Other Receivables": 16068754000.0,
        "Taxes Receivable": 104889634000.0,
        "Accounts Receivable": 166189648000.0,
        "Cash Cash Equivalents And Short Term Investments": 3372488122000.0,
        "Other Short Term Investments": 276869548000.0,
        "Cash And Cash Equivalents": 3095618574000.0,
        "Cash Equivalents": 3082729175000.0,
        "Cash Financial": 12889399000.0
      },
      "2023-12-31 00:00:00": {
        "Treasury Shares Number": null,
        "Ordinary Shares Number": 967167484.0,
        "Share Issued": 967167484.0,
        "Net Debt": 2616221308000.0,
        "Total Debt": 6345846013000.0,
        "Tangible Book Value": 13450759506000.0,
        "Invested Capital": 19796605519000.0,
        "Working Capital": 19391383620000.0,
        "Net Tangible Assets": 13450759506000.0,
        "Common Stock Equity": 13450759506000.0,
        "Total Capitalization": 18352259399000.0,
        "Total Equity Gross Minority Interest": 15522904330000.0,
        "Minority Interest": 2072144824000.0,
        "Stockholders Equity": 13450759506000.0,
        "Treasury Stock": null,
        "Retained Earnings": 3766498965000.0,
        "Additional Paid In Capital": 1338891660000.0,
        "Capital Stock": 7993119710000.0,
        "Common Stock": 7993119710000.0,
        "Total Liabilities Net Minority Interest": 10957815586000.0,
        "Total Non Current Liabilities Net Minority Interest": 5612283888000.0,
        "Non Current Accrued Expenses": 3677513000.0,
        "Tradeand Other Payables Non Current": 33087983000.0,
        "Non Current Deferred Revenue": 14173165000.0,
        "Non Current Deferred Taxes Liabilities": 658020331000.0,
        "Long Term Debt And Capital Lease Obligation": 4901499893000.0,
        "Long Term Debt": 4901499893000.0,
        "Long Term Provisions": 1825003000.0,
        "Current Liabilities": 5345531698000.0,
        "Current Debt And Capital Lease Obligation": 1444346120000.0,
        "Current Debt": 1444346120000.0,
        "Pensionand Other Post Retirement Benefit Plans Current": 81875951000.0,
        "Payables": 1421742128000.0,
        "Other Payable": 832207277000.0,
        "Total Tax Payable": 497387968000.0,
        "Accounts Payable": 92146883000.0,
        "Total Assets": 26480719916000.0,
        "Total Non Current Assets": 1743804598000.0,
        "Non Current Prepaid Assets": 6858678000.0,
        "Non Current Deferred Taxes Assets": 505932336000.0,
        "Investmentin Financial Assets": 12000000000.0,
        "Held To Maturity Securities": 12000000000.0,
        "Long Term Equity Investment": 0.0,
        "Investments In Other Ventures Under Equity Method": 0.0,
        "Investment Properties": 130878739000.0,
        "Goodwill And Other Intangible Assets": 0.0,
        "Goodwill": 0.0,
        "Net PPE": 1013939571000.0,
        "Accumulated Depreciation": -95487934000.0,
        "Gross PPE": 1109427505000.0,
        "Construction In Progress": 932612542000.0,
        "Machinery Furniture Equipment": 125034504000.0,
        "Buildings And Improvements": 51780459000.0,
        "Properties": 0.0,
        "Current Assets": 24736915318000.0,
        "Prepaid Assets": 2070898832000.0,
        "Inventory": 18786885579000.0,
        "Finished Goods": 18786457488000.0,
        "Raw Materials": 428091000.0,
        "Other Receivables": 18754460000.0,
        "Taxes Receivable": 49448103000.0,
        "Accounts Receivable": 72779241000.0,
        "Cash Cash Equivalents And Short Term Investments": 3738149103000.0,
        "Other Short Term Investments": 8524398000.0,
        "Cash And Cash Equivalents": 3729624705000.0,
        "Cash Equivalents": 3710913143000.0,
        "Cash Financial": 18711562000.0
      },
      "2022-12-31 00:00:00": {
        "Treasury Shares Number": null,
        "Ordinary Shares Number": 954100723.0,
        "Share Issued": 954100723.0,
        "Net Debt": 4018187905000.0,
        "Total Debt": 6771014528000.0,
        "Tangible Book Value": 11557452150000.0,
        "Invested Capital": 18328479663000.0,
        "Working Capital": 17003295923000.0,
        "Net Tangible Assets": 11557452150000.0,
        "Common Stock Equity": 11557465135000.0,
        "Total Capitalization": 17133755695000.0,
        "Total Equity Gross Minority Interest": 11794533384000.0,
        "Minority Interest": 237068249000.0,
        "Stockholders Equity": 11557465135000.0,
        "Treasury Stock": null,
        "Retained Earnings": 2780172037000.0,
        "Additional Paid In Capital": 1311891660000.0,
        "Capital Stock": 7168299950000.0,
        "Common Stock": 7168299950000.0,
        "Total Liabilities Net Minority Interest": 9744717268000.0,
        "Total Non Current Liabilities Net Minority Interest": 6242154272000.0,
        "Non Current Accrued Expenses": 3844363000.0,
        "Tradeand Other Payables Non Current": 31888685000.0,
        "Non Current Deferred Revenue": 12438417000.0,
        "Non Current Deferred Taxes Liabilities": 615788248000.0,
        "Long Term Debt And Capital Lease Obligation": 5576290560000.0,
        "Long Term Debt": 5576290560000.0,
        "Long Term Provisions": 1903999000.0,
        "Current Liabilities": 3502562996000.0,
        "Current Debt And Capital Lease Obligation": 1194723968000.0,
        "Current Debt": 1194723968000.0,
        "Pensionand Other Post Retirement Benefit Plans Current": 53771342000.0,
        "Payables": 1346375160000.0,
        "Other Payable": 810184942000.0,
        "Total Tax Payable": 427255255000.0,
        "Accounts Payable": 108934963000.0,
        "Total Assets": 21539250652000.0,
        "Total Non Current Assets": 1033391733000.0,
        "Non Current Prepaid Assets": 10321077000.0,
        "Non Current Deferred Taxes Assets": 4142783000.0,
        "Investmentin Financial Assets": 300000000.0,
        "Held To Maturity Securities": 300000000.0,
        "Long Term Equity Investment": 14000000000.0,
        "Investments In Other Ventures Under Equity Method": 14000000000.0,
        "Investment Properties": 101993708000.0,
        "Goodwill And Other Intangible Assets": 12985000.0,
        "Goodwill": 12985000.0,
        "Net PPE": 830880413000.0,
        "Accumulated Depreciation": -86822468000.0,
        "Gross PPE": 917702881000.0,
        "Construction In Progress": 749824985000.0,
        "Machinery Furniture Equipment": 116391754000.0,
        "Buildings And Improvements": 51486142000.0,
        "Properties": 0.0,
        "Current Assets": 20505858919000.0,
        "Prepaid Assets": 4783571567000.0,
        "Inventory": 12453290901000.0,
        "Finished Goods": 12452321135000.0,
        "Raw Materials": 969766000.0,
        "Other Receivables": 15287548000.0,
        "Taxes Receivable": 52848362000.0,
        "Accounts Receivable": 405136203000.0,
        "Cash Cash Equivalents And Short Term Investments": 2795724338000.0,
        "Other Short Term Investments": 42897715000.0,
        "Cash And Cash Equivalents": 2752826623000.0,
        "Cash Equivalents": 2734239225000.0,
        "Cash Financial": 18587398000.0
      },
      "2021-12-31 00:00:00": {
        "Treasury Shares Number": 29063322.0,
        "Ordinary Shares Number": 912260840.0,
        "Share Issued": 941324162.0,
        "Net Debt": 1187094654000.0,
        "Total Debt": 2552471584000.0,
        "Tangible Book Value": 10184792079000.0,
        "Invested Capital": 12738111847000.0,
        "Working Capital": 11167207301000.0,
        "Net Tangible Assets": 10184792079000.0,
        "Common Stock Equity": 10185640263000.0,
        "Total Capitalization": 11923495847000.0,
        "Total Equity Gross Minority Interest": 10221204890000.0,
        "Minority Interest": 35564627000.0,
        "Stockholders Equity": 10185640263000.0,
        "Treasury Stock": 0.0,
        "Retained Earnings": 2341800132000.0,
        "Additional Paid In Capital": 1177491660000.0,
        "Capital Stock": 6429370690000.0,
        "Common Stock": 6429370690000.0,
        "Total Liabilities Net Minority Interest": 4151494323000.0,
        "Total Non Current Liabilities Net Minority Interest": 1897714421000.0,
        "Non Current Accrued Expenses": 22457901000.0,
        "Tradeand Other Payables Non Current": 31148926000.0,
        "Non Current Deferred Revenue": 7897831000.0,
        "Non Current Deferred Taxes Liabilities": 97012122000.0,
        "Long Term Debt And Capital Lease Obligation": 1737855584000.0,
        "Long Term Debt": 1737855584000.0,
        "Long Term Provisions": 1342057000.0,
        "Current Liabilities": 2253779902000.0,
        "Current Debt And Capital Lease Obligation": 814616000000.0,
        "Current Debt": 814616000000.0,
        "Pensionand Other Post Retirement Benefit Plans Current": 29608505000.0,
        "Payables": 1203870688000.0,
        "Other Payable": 798358865000.0,
        "Total Tax Payable": 250884110000.0,
        "Accounts Payable": 154627713000.0,
        "Total Assets": 14372699213000.0,
        "Total Non Current Assets": 951712010000.0,
        "Non Current Prepaid Assets": 4947825000.0,
        "Non Current Deferred Taxes Assets": 5521727000.0,
        "Investmentin Financial Assets": 300000000.0,
        "Held To Maturity Securities": 300000000.0,
        "Long Term Equity Investment": 14000000000.0,
        "Investments In Other Ventures Under Equity Method": 14000000000.0,
        "Investment Properties": 57670344000.0,
        "Goodwill And Other Intangible Assets": 848184000.0,
        "Goodwill": 848184000.0,
        "Net PPE": 791708437000.0,
        "Accumulated Depreciation": -76936555000.0,
        "Gross PPE": 868644992000.0,
        "Construction In Progress": 751368193000.0,
        "Machinery Furniture Equipment": 79526894000.0,
        "Buildings And Improvements": 37749905000.0,
        "Properties": 0.0,
        "Current Assets": 13420987203000.0,
        "Prepaid Assets": 3532320181000.0,
        "Inventory": 7732759352000.0,
        "Finished Goods": 7731545896000.0,
        "Raw Materials": 1213456000.0,
        "Other Receivables": 12090175000.0,
        "Taxes Receivable": 37649433000.0,
        "Accounts Receivable": 671391132000.0,
        "Cash Cash Equivalents And Short Term Investments": 1434776930000.0,
        "Other Short Term Investments": 69400000000.0,
        "Cash And Cash Equivalents": 1365376930000.0,
        "Cash Equivalents": 1350113453000.0,
        "Cash Financial": 15263477000.0
      }
    },
    "annual_cash_flow": {
      "2024-12-31 00:00:00": {
        "Free Cash Flow": -3747632897000.0,
        "Repurchase Of Capital Stock": -4473280000.0,
        "Repayment Of Debt": -3612612968000.0,
        "Issuance Of Debt": 4364973211000.0,
        "Issuance Of Capital Stock": 3183800024000.0,
        "Capital Expenditure": -100085258000.0,
        "End Cash Position": 3095618574000.0,
        "Beginning Cash Position": 3729624705000.0,
        "Effect Of Exchange Rate Changes": 0.0,
        "Changes In Cash": -634006131000.0,
        "Financing Cash Flow": 3931686987000.0,
        "Net Common Stock Issuance": 3179326744000.0,
        "Common Stock Payments": -4473280000.0,
        "Common Stock Issuance": 3183800024000.0,
        "Net Issuance Payments Of Debt": 752360243000.0,
        "Net Short Term Debt Issuance": 4364973211000.0,
        "Short Term Debt Issuance": 4364973211000.0,
        "Net Long Term Debt Issuance": -3612612968000.0,
        "Long Term Debt Payments": -3612612968000.0,
        "Investing Cash Flow": -918145479000.0,
        "Interest Received Cfi": 38284929000.0,
        "Net Investment Purchase And Sale": -256345150000.0,
        "Sale Of Investment": 2482557000.0,
        "Purchase Of Investment": -258827707000.0,
        "Net Business Purchase And Sale": -600000000000.0,
        "Sale Of Business": 0.0,
        "Purchase Of Business": -600000000000.0,
        "Net PPE Purchase And Sale": -100085258000.0,
        "Sale Of PPE": 290000000.0,
        "Purchase Of PPE": -100085258000.0,
        "Operating Cash Flow": -3647547639000.0,
        "Taxes Refund Paid": -375164365000.0,
        "Interest Paid Cfo": -744869152000.0,
        "Change In Working Capital": -3475772023000.0,
        "Change In Payable": 491970447000.0,
        "Change In Prepaid Assets": 150753587000.0,
        "Change In Inventory": -3494074506000.0,
        "Change In Receivables": -624421551000.0,
        "Other Non Cash Items": null,
        "Provisionand Write Offof Assets": 587852000.0,
        "Depreciation And Amortization": 13552292000.0,
        "Depreciation": 13552292000.0,
        "Gain Loss On Investment Securities": -38189200000.0,
        "Net Income From Continuing Operations": 1051048716000.0
      },
      "2023-12-31 00:00:00": {
        "Free Cash Flow": -1736944955000.0,
        "Repurchase Of Capital Stock": -3250000000.0,
        "Repayment Of Debt": -4519798228000.0,
        "Issuance Of Debt": 4094629713000.0,
        "Issuance Of Capital Stock": 135000000000.0,
        "Capital Expenditure": -193734796000.0,
        "End Cash Position": 3729624705000.0,
        "Beginning Cash Position": 2752826623000.0,
        "Effect Of Exchange Rate Changes": 0.0,
        "Changes In Cash": 976798082000.0,
        "Financing Cash Flow": -293418515000.0,
        "Net Common Stock Issuance": 131750000000.0,
        "Common Stock Payments": -3250000000.0,
        "Common Stock Issuance": 135000000000.0,
        "Net Issuance Payments Of Debt": -425168515000.0,
        "Net Short Term Debt Issuance": 4094629713000.0,
        "Short Term Debt Issuance": 4094629713000.0,
        "Net Long Term Debt Issuance": -4519798228000.0,
        "Long Term Debt Payments": -4519798228000.0,
        "Investing Cash Flow": 2813426756000.0,
        "Interest Received Cfi": 48422256000.0,
        "Net Investment Purchase And Sale": 22673317000.0,
        "Sale Of Investment": 44707714000.0,
        "Purchase Of Investment": -22034397000.0,
        "Net Business Purchase And Sale": 2936065979000.0,
        "Sale Of Business": 3190249246000.0,
        "Purchase Of Business": -254183267000.0,
        "Net PPE Purchase And Sale": -193734796000.0,
        "Sale Of PPE": 0.0,
        "Purchase Of PPE": -193734796000.0,
        "Operating Cash Flow": -1543210159000.0,
        "Taxes Refund Paid": -805127814000.0,
        "Interest Paid Cfo": -739644645000.0,
        "Change In Working Capital": -964049399000.0,
        "Change In Payable": 2307714176000.0,
        "Change In Prepaid Assets": -331963188000.0,
        "Change In Inventory": -6144035174000.0,
        "Change In Receivables": 3204234787000.0,
        "Other Non Cash Items": null,
        "Provisionand Write Offof Assets": -78996000.0,
        "Depreciation And Amortization": -4530661000.0,
        "Depreciation": -4530661000.0,
        "Gain Loss On Investment Securities": -49704916000.0,
        "Net Income From Continuing Operations": 1069028419000.0
      },
      "2022-12-31 00:00:00": {
        "Free Cash Flow": -1108216898000.0,
        "Repurchase Of Capital Stock": -100000000.0,
        "Repayment Of Debt": -1208481004000.0,
        "Issuance Of Debt": 4208523948000.0,
        "Issuance Of Capital Stock": 230750000000.0,
        "Capital Expenditure": -61478467000.0,
        "End Cash Position": 2752826623000.0,
        "Beginning Cash Position": 1365376930000.0,
        "Effect Of Exchange Rate Changes": 0.0,
        "Changes In Cash": 1387449693000.0,
        "Financing Cash Flow": 3230692944000.0,
        "Net Common Stock Issuance": 230650000000.0,
        "Common Stock Payments": -100000000.0,
        "Common Stock Issuance": 230750000000.0,
        "Net Issuance Payments Of Debt": 3000042944000.0,
        "Net Short Term Debt Issuance": 4208523948000.0,
        "Short Term Debt Issuance": 4208523948000.0,
        "Net Long Term Debt Issuance": -1208481004000.0,
        "Long Term Debt Payments": -1208481004000.0,
        "Investing Cash Flow": -796504820000.0,
        "Interest Received Cfi": 17042947000.0,
        "Net Investment Purchase And Sale": 26502285000.0,
        "Sale Of Investment": 26502285000.0,
        "Purchase Of Investment": 0.0,
        "Net Business Purchase And Sale": -778571585000.0,
        "Sale Of Business": 0.0,
        "Purchase Of Business": -778571585000.0,
        "Net PPE Purchase And Sale": -61478467000.0,
        "Sale Of PPE": 0.0,
        "Purchase Of PPE": -61478467000.0,
        "Operating Cash Flow": -1046738431000.0,
        "Taxes Refund Paid": -235734901000.0,
        "Interest Paid Cfo": -496390580000.0,
        "Change In Working Capital": -1401280574000.0,
        "Change In Payable": 1205459553000.0,
        "Change In Prepaid Assets": 2984805000.0,
        "Change In Inventory": -1612483239000.0,
        "Change In Receivables": -997241693000.0,
        "Other Non Cash Items": 9345992000.0,
        "Provisionand Write Offof Assets": -596457000.0,
        "Depreciation And Amortization": -254949072000.0,
        "Depreciation": -254949072000.0,
        "Gain Loss On Investment Securities": -17711841000.0,
        "Net Income From Continuing Operations": 1410589354000.0
      },
      "2021-12-31 00:00:00": {
        "Free Cash Flow": -1653503420000.0,
        "Repurchase Of Capital Stock": 0.0,
        "Repayment Of Debt": -1466861078000.0,
        "Issuance Of Debt": 2174181368000.0,
        "Issuance Of Capital Stock": 938523291000.0,
        "Capital Expenditure": -57885421000.0,
        "End Cash Position": 1365376930000.0,
        "Beginning Cash Position": 1835747877000.0,
        "Effect Of Exchange Rate Changes": 0.0,
        "Changes In Cash": -470370947000.0,
        "Financing Cash Flow": 1645843581000.0,
        "Net Common Stock Issuance": 938523291000.0,
        "Common Stock Payments": 0.0,
        "Common Stock Issuance": 938523291000.0,
        "Net Issuance Payments Of Debt": 707320290000.0,
        "Net Short Term Debt Issuance": 2174181368000.0,
        "Short Term Debt Issuance": 2174181368000.0,
        "Net Long Term Debt Issuance": -1466861078000.0,
        "Long Term Debt Payments": -1466861078000.0,
        "Investing Cash Flow": -520596529000.0,
        "Interest Received Cfi": 20364557000.0,
        "Net Investment Purchase And Sale": -69400000000.0,
        "Sale Of Investment": 0.0,
        "Purchase Of Investment": -69400000000.0,
        "Net Business Purchase And Sale": -414125665000.0,
        "Sale Of Business": null,
        "Purchase Of Business": -414125665000.0,
        "Net PPE Purchase And Sale": -57435421000.0,
        "Sale Of PPE": 450000000.0,
        "Purchase Of PPE": -57885421000.0,
        "Operating Cash Flow": -1595617999000.0,
        "Taxes Refund Paid": -546566180000.0,
        "Interest Paid Cfo": -248599537000.0,
        "Change In Working Capital": -2049729384000.0,
        "Change In Payable": -2059712177000.0,
        "Change In Prepaid Assets": 251826648000.0,
        "Change In Inventory": 335167417000.0,
        "Change In Receivables": -577011272000.0,
        "Other Non Cash Items": 15928769000.0,
        "Provisionand Write Offof Assets": 186134000.0,
        "Depreciation And Amortization": -188060085000.0,
        "Depreciation": -188060085000.0,
        "Gain Loss On Investment Securities": -20873540000.0,
        "Net Income From Continuing Operations": 1539982193000.0
      }
    }
  },
  "metrics": {
    "symbol": "KDH.VN",
    "timestamp": "2026-01-09T18:25:25.718631",
    "pe_ratio": 35.38509,
    "pb_ratio": 1.7797002,
    "dividend_yield": null,
    "beta": 1.164,
    "eps": 808.25,
    "roe": 0.06286,
    "roa": 0.03508,
    "debt_to_equity": 48.505,
    "current_ratio": 9.049,
    "quick_ratio": 1.091,
    "profit_margin": 0.19468,
    "operating_margin": 0.59781,
    "free_cashflow": -2710150316032,
    "52_week_high": 38100.0,
    "52_week_low": 22045.455,
    "revenue": 4904985821184,
    "gross_profit": 2393819054080,
    "operating_income": -2052798676992
  },
  "dividends": {
    "symbol": "KDH.VN",
    "timestamp": "2026-01-09T18:25:25.862006",
    "total_records": 0,
    "dividends": []
  },
  "splits": {
    "symbol": "KDH.VN",
    "timestamp": "2026-01-09T18:25:25.900165",
    "total_records": 3,
    "splits": [
      {
        "date": "2023-10-03T00:00:00+07:00",
        "ratio": 1.1
      },
      {
        "date": "2024-10-17T00:00:00+07:00",
        "ratio": 1.1
      },
      {
        "date": "2025-07-17T00:00:00+07:00",
        "ratio": 1.1
      }
    ]
  }
}