{
  "symbol": "HDB.VN",
  "timestamp": "2026-01-09T18:25:20.907704",
  "quarterly": {
    "symbol": "HDB.VN",
    "timestamp": "2026-01-09T18:25:21.203519",
    "quarterly_financials": {
      "2025-09-30 00:00:00": {
        "Tax Effect Of Unusual Items": null,
        "Tax Rate For Calcs": null,
        "Net Income From Continuing Operation Net Minority Interest": null,
        "Reconciled Depreciation": null,
        "Net Interest Income": null,
        "Interest Expense": null,
        "Interest Income": null,
        "Normalized Income": null,
        "Net Income From Continuing And Discontinued Operation": null,
        "Diluted Average Shares": 4532744263.0,
        "Basic Average Shares": 4532744263.0,
        "Diluted EPS": null,
        "Basic EPS": null,
        "Diluted NI Availto Com Stockholders": null,
        "Net Income Common Stockholders": null,
        "Net Income": null,
        "Minority Interests": null,
        "Net Income Including Noncontrolling Interests": null,
        "Net Income Continuous Operations": null,
        "Tax Provision": null,
        "Pretax Income": null,
        "Gain On Sale Of Security": null,
        "Operating Expense": null,
        "Other Operating Expenses": null,
        "Depreciation And Amortization In Income Statement": null,
        "Depreciation Income Statement": null,
        "Selling General And Administration": null,
        "General And Administrative Expense": null,
        "Insurance And Claims": null,
        "Total Revenue": null,
        "Operating Revenue": null
      },
      "2025-06-30 00:00:00": {
        "Tax Effect Of Unusual Items": 0.0,
        "Tax Rate For Calcs": 0.219982,
        "Net Income From Continuing Operation Net Minority Interest": 3514860000000.0,
        "Reconciled Depreciation": null,
        "Net Interest Income": 9819158000000.0,
        "Interest Expense": 8170547000000.0,
        "Interest Income": 17989705000000.0,
        "Normalized Income": 3514860000000.0,
        "Net Income From Continuing And Discontinued Operation": 3514860000000.0,
        "Diluted Average Shares": 4532744263.0,
        "Basic Average Shares": 4532744263.0,
        "Diluted EPS": 775.437527,
        "Basic EPS": 775.437527,
        "Diluted NI Availto Com Stockholders": 3514860000000.0,
        "Net Income Common Stockholders": 3514860000000.0,
        "Net Income": 3514860000000.0,
        "Minority Interests": -161199000000.0,
        "Net Income Including Noncontrolling Interests": 3676059000000.0,
        "Net Income Continuous Operations": 3676059000000.0,
        "Tax Provision": 1036727000000.0,
        "Pretax Income": 4712786000000.0,
        "Gain On Sale Of Security": null,
        "Operating Expense": 2842739000000.0,
        "Other Operating Expenses": 2842739000000.0,
        "Depreciation And Amortization In Income Statement": null,
        "Depreciation Income Statement": null,
        "Selling General And Administration": null,
        "General And Administrative Expense": null,
        "Insurance And Claims": null,
        "Total Revenue": 11623948000000.0,
        "Operating Revenue": 11623948000000.0
      },
      "2025-03-31 00:00:00": {
        "Tax Effect Of Unusual Items": 0.0,
        "Tax Rate For Calcs": 0.186278,
        "Net Income From Continuing Operation Net Minority Interest": 4234754000000.0,
        "Reconciled Depreciation": 58821000000.0,
        "Net Interest Income": 7408100000000.0,
        "Interest Expense": 7583620000000.0,
        "Interest Income": 14991720000000.0,
        "Normalized Income": 4234754000000.0,
        "Net Income From Continuing And Discontinued Operation": 4234754000000.0,
        "Diluted Average Shares": 4531396421.0,
        "Basic Average Shares": 4531396421.0,
        "Diluted EPS": 934.536202,
        "Basic EPS": 934.536202,
        "Diluted NI Availto Com Stockholders": 4234754000000.0,
        "Net Income Common Stockholders": 4234754000000.0,
        "Net Income": 4234754000000.0,
        "Minority Interests": -122918000000.0,
        "Net Income Including Noncontrolling Interests": 4357672000000.0,
        "Net Income Continuous Operations": 4357672000000.0,
        "Tax Provision": 997563000000.0,
        "Pretax Income": 5355235000000.0,
        "Gain On Sale Of Security": -6199000000.0,
        "Operating Expense": 2605867000000.0,
        "Other Operating Expenses": 317041000000.0,
        "Depreciation And Amortization In Income Statement": 58821000000.0,
        "Depreciation Income Statement": 58821000000.0,
        "Selling General And Administration": 538579000000.0,
        "General And Administrative Expense": 538579000000.0,
        "Insurance And Claims": 121431000000.0,
        "Total Revenue": 9262328000000.0,
        "Operating Revenue": 9262328000000.0
      },
      "2024-12-31 00:00:00": {
        "Tax Effect Of Unusual Items": 0.0,
        "Tax Rate For Calcs": 0.205745,
        "Net Income From Continuing Operation Net Minority Interest": 3114654000000.0,
        "Reconciled Depreciation": null,
        "Net Interest Income": 8202720000000.0,
        "Interest Expense": 6946053000000.0,
        "Interest Income": 15148773000000.0,
        "Normalized Income": 3114654000000.0,
        "Net Income From Continuing And Discontinued Operation": 3114654000000.0,
        "Diluted Average Shares": 4532744263.0,
        "Basic Average Shares": 4532744263.0,
        "Diluted EPS": 687.145318,
        "Basic EPS": 687.145318,
        "Diluted NI Availto Com Stockholders": 3114654000000.0,
        "Net Income Common Stockholders": 3114654000000.0,
        "Net Income": 3114654000000.0,
        "Minority Interests": -122574000000.0,
        "Net Income Including Noncontrolling Interests": 3237228000000.0,
        "Net Income Continuous Operations": 3237228000000.0,
        "Tax Provision": 838576000000.0,
        "Pretax Income": 4075804000000.0,
        "Gain On Sale Of Security": 45980000000.0,
        "Operating Expense": 3605335000000.0,
        "Other Operating Expenses": 3605335000000.0,
        "Depreciation And Amortization In Income Statement": null,
        "Depreciation Income Statement": null,
        "Selling General And Administration": null,
        "General And Administrative Expense": null,
        "Insurance And Claims": null,
        "Total Revenue": 9467023000000.0,
        "Operating Revenue": 9467023000000.0
      },
      "2024-09-30 00:00:00": {
        "Tax Effect Of Unusual Items": 0.0,
        "Tax Rate For Calcs": 0.210398,
        "Net Income From Continuing Operation Net Minority Interest": 3423876000000.0,
        "Reconciled Depreciation": null,
        "Net Interest Income": 7773445000000.0,
        "Interest Expense": 6448533000000.0,
        "Interest Income": 14221978000000.0,
        "Normalized Income": 3423876000000.0,
        "Net Income From Continuing And Discontinued Operation": 3423876000000.0,
        "Diluted Average Shares": 4501618663.0,
        "Basic Average Shares": 4501618663.0,
        "Diluted EPS": 0.0,
        "Basic EPS": 0.0,
        "Diluted NI Availto Com Stockholders": 3423876000000.0,
        "Net Income Common Stockholders": 3423876000000.0,
        "Net Income": 3423876000000.0,
        "Minority Interests": -121760000000.0,
        "Net Income Including Noncontrolling Interests": 3545636000000.0,
        "Net Income Continuous Operations": 3545636000000.0,
        "Tax Provision": 944771000000.0,
        "Pretax Income": 4490407000000.0,
        "Gain On Sale Of Security": 22024000000.0,
        "Operating Expense": 2963856000000.0,
        "Other Operating Expenses": 2963856000000.0,
        "Depreciation And Amortization In Income Statement": null,
        "Depreciation Income Statement": null,
        "Selling General And Administration": null,
        "General And Administrative Expense": null,
        "Insurance And Claims": null,
        "Total Revenue": 8525727000000.0,
        "Operating Revenue": 8525727000000.0
      },
      "2024-06-30 00:00:00": {
        "Tax Effect Of Unusual Items": 0.0,
        "Tax Rate For Calcs": 0.21396,
        "Net Income From Continuing Operation Net Minority Interest": 3114891000000.0,
        "Reconciled Depreciation": null,
        "Net Interest Income": 7719878000000.0,
        "Interest Expense": 6525287000000.0,
        "Interest Income": 14245165000000.0,
        "Normalized Income": 3114891000000.0,
        "Net Income From Continuing And Discontinued Operation": 3114891000000.0,
        "Diluted Average Shares": null,
        "Basic Average Shares": null,
        "Diluted EPS": 691.949104,
        "Basic EPS": 691.949104,
        "Diluted NI Availto Com Stockholders": 3114891000000.0,
        "Net Income Common Stockholders": 3114891000000.0,
        "Net Income": 3114891000000.0,
        "Minority Interests": -136961000000.0,
        "Net Income Including Noncontrolling Interests": 3251852000000.0,
        "Net Income Continuous Operations": 3251852000000.0,
        "Tax Provision": 885153000000.0,
        "Pretax Income": 4137005000000.0,
        "Gain On Sale Of Security": null,
        "Operating Expense": 3081811000000.0,
        "Other Operating Expenses": 3081811000000.0,
        "Depreciation And Amortization In Income Statement": null,
        "Depreciation Income Statement": null,
        "Selling General And Administration": null,
        "General And Administrative Expense": null,
        "Insurance And Claims": null,
        "Total Revenue": 8345047000000.0,
        "Operating Revenue": 8345047000000.0
      }
    },
    "quarterly_balance_sheet": {
      "2025-09-30 00:00:00": {
        "Treasury Shares Number": 19559225.0,
        "Ordinary Shares Number": 4532744263.0,
        "Share Issued": 4552303488.0,
        "Total Debt": null,
        "Tangible Book Value": null,
        "Invested Capital": null,
        "Net Tangible Assets": null,
        "Common Stock Equity": null,
        "Preferred Stock Equity": null,
        "Total Capitalization": null,
        "Total Equity Gross Minority Interest": null,
        "Minority Interest": null,
        "Stockholders Equity": null,
        "Other Equity Interest": null,
        "Fixed Assets Revaluation Reserve": null,
        "Treasury Stock": null,
        "Retained Earnings": null,
        "Additional Paid In Capital": null,
        "Capital Stock": null,
        "Common Stock": null,
        "Preferred Stock": null,
        "Total Liabilities Net Minority Interest": null,
        "Derivative Product Liabilities": null,
        "Long Term Debt And Capital Lease Obligation": null,
        "Payables": null,
        "Other Payable": null,
        "Total Tax Payable": null,
        "Accounts Payable": null,
        "Total Assets": null,
        "Investments And Advances": null,
        "Investmentin Financial Assets": null,
        "Held To Maturity Securities": null,
        "Available For Sale Securities": null,
        "Trading Securities": null,
        "Long Term Equity Investment": null,
        "Investmentsin Joint Venturesat Cost": null,
        "Investments In Other Ventures Under Equity Method": null,
        "Investmentsin Associatesat Cost": null,
        "Investmentsin Subsidiariesat Cost": null,
        "Investment Properties": null,
        "Goodwill And Other Intangible Assets": null,
        "Other Intangible Assets": null,
        "Goodwill": null,
        "Net PPE": null,
        "Accumulated Depreciation": null,
        "Gross PPE": null,
        "Construction In Progress": null,
        "Other Properties": null,
        "Machinery Furniture Equipment": null,
        "Buildings And Improvements": null,
        "Prepaid Assets": null,
        "Receivables": null,
        "Cash And Cash Equivalents": null,
        "Cash Equivalents": null,
        "Cash Financial": null,
        "Cash Cash Equivalents And Federal Funds Sold": null
      },
      "2025-06-30 00:00:00": {
        "Treasury Shares Number": 19559225.0,
        "Ordinary Shares Number": 4532744263.0,
        "Share Issued": 4552303488.0,
        "Total Debt": 110474786000000.0,
        "Tangible Book Value": 61308393000000.0,
        "Invested Capital": 172650874000000.0,
        "Net Tangible Assets": 61308393000000.0,
        "Common Stock Equity": 62176088000000.0,
        "Preferred Stock Equity": -26977000000.0,
        "Total Capitalization": 172650874000000.0,
        "Total Equity Gross Minority Interest": 64626363000000.0,
        "Minority Interest": 2450275000000.0,
        "Stockholders Equity": 62176088000000.0,
        "Other Equity Interest": -26888000000.0,
        "Fixed Assets Revaluation Reserve": null,
        "Treasury Stock": 413448000000.0,
        "Retained Earnings": 18145365000000.0,
        "Additional Paid In Capital": 535956000000.0,
        "Capital Stock": 35101423000000.0,
        "Common Stock": 35101423000000.0,
        "Preferred Stock": -26977000000.0,
        "Total Liabilities Net Minority Interest": 719469924000000.0,
        "Derivative Product Liabilities": 0.0,
        "Long Term Debt And Capital Lease Obligation": 110474786000000.0,
        "Payables": 54955008000000.0,
        "Other Payable": 54955008000000.0,
        "Total Tax Payable": null,
        "Accounts Payable": null,
        "Total Assets": 784096287000000.0,
        "Investments And Advances": 74753008000000.0,
        "Investmentin Financial Assets": 73806281000000.0,
        "Held To Maturity Securities": 4223766000000.0,
        "Available For Sale Securities": 67171251000000.0,
        "Trading Securities": 2411264000000.0,
        "Long Term Equity Investment": 946727000000.0,
        "Investmentsin Joint Venturesat Cost": null,
        "Investments In Other Ventures Under Equity Method": 125666000000.0,
        "Investmentsin Associatesat Cost": 821061000000.0,
        "Investmentsin Subsidiariesat Cost": 0.0,
        "Investment Properties": 0.0,
        "Goodwill And Other Intangible Assets": 867695000000.0,
        "Other Intangible Assets": 867695000000.0,
        "Goodwill": null,
        "Net PPE": 889163000000.0,
        "Accumulated Depreciation": -1168579000000.0,
        "Gross PPE": 2057742000000.0,
        "Construction In Progress": null,
        "Other Properties": 2057742000000.0,
        "Machinery Furniture Equipment": null,
        "Buildings And Improvements": null,
        "Prepaid Assets": null,
        "Receivables": 57272873000000.0,
        "Cash And Cash Equivalents": 138031874000000.0,
        "Cash Equivalents": null,
        "Cash Financial": 3944656000000.0,
        "Cash Cash Equivalents And Federal Funds Sold": 138031874000000.0
      },
      "2025-03-31 00:00:00": {
        "Treasury Shares Number": 19559225.0,
        "Ordinary Shares Number": 4532744263.0,
        "Share Issued": 4552303488.0,
        "Total Debt": 109961164000000.0,
        "Tangible Book Value": 57860871000000.0,
        "Invested Capital": 168704625000000.0,
        "Net Tangible Assets": 57860871000000.0,
        "Common Stock Equity": 58743461000000.0,
        "Preferred Stock Equity": null,
        "Total Capitalization": 168704625000000.0,
        "Total Equity Gross Minority Interest": 61032537000000.0,
        "Minority Interest": 2289076000000.0,
        "Stockholders Equity": 58743461000000.0,
        "Other Equity Interest": 89000000.0,
        "Fixed Assets Revaluation Reserve": 0.0,
        "Treasury Stock": 413448000000.0,
        "Retained Earnings": 17166824000000.0,
        "Additional Paid In Capital": 535956000000.0,
        "Capital Stock": 35101423000000.0,
        "Common Stock": 35101423000000.0,
        "Preferred Stock": 0.0,
        "Total Liabilities Net Minority Interest": 650278221000000.0,
        "Derivative Product Liabilities": 279539000000.0,
        "Long Term Debt And Capital Lease Obligation": 109961164000000.0,
        "Payables": 19843861000000.0,
        "Other Payable": 19843861000000.0,
        "Total Tax Payable": null,
        "Accounts Payable": null,
        "Total Assets": 711310758000000.0,
        "Investments And Advances": 65122195000000.0,
        "Investmentin Financial Assets": 64368888000000.0,
        "Held To Maturity Securities": 4226451000000.0,
        "Available For Sale Securities": 45616179000000.0,
        "Trading Securities": 14526258000000.0,
        "Long Term Equity Investment": 753307000000.0,
        "Investmentsin Joint Venturesat Cost": 0.0,
        "Investments In Other Ventures Under Equity Method": null,
        "Investmentsin Associatesat Cost": 753307000000.0,
        "Investmentsin Subsidiariesat Cost": 0.0,
        "Investment Properties": 0.0,
        "Goodwill And Other Intangible Assets": 882590000000.0,
        "Other Intangible Assets": 882590000000.0,
        "Goodwill": null,
        "Net PPE": 865919000000.0,
        "Accumulated Depreciation": -1131861000000.0,
        "Gross PPE": 1997780000000.0,
        "Construction In Progress": null,
        "Other Properties": 1997780000000.0,
        "Machinery Furniture Equipment": null,
        "Buildings And Improvements": null,
        "Prepaid Assets": null,
        "Receivables": 53403684000000.0,
        "Cash And Cash Equivalents": 139628360000000.0,
        "Cash Equivalents": null,
        "Cash Financial": 3597997000000.0,
        "Cash Cash Equivalents And Federal Funds Sold": 139628360000000.0
      },
      "2024-12-31 00:00:00": {
        "Treasury Shares Number": 19559225.0,
        "Ordinary Shares Number": 4532744263.0,
        "Share Issued": 4552303488.0,
        "Total Debt": 108721720000000.0,
        "Tangible Book Value": 53612631000000.0,
        "Invested Capital": 163212823000000.0,
        "Net Tangible Assets": 53612631000000.0,
        "Common Stock Equity": 54491103000000.0,
        "Preferred Stock Equity": null,
        "Total Capitalization": 163212823000000.0,
        "Total Equity Gross Minority Interest": 56657261000000.0,
        "Minority Interest": 2166158000000.0,
        "Stockholders Equity": 54491103000000.0,
        "Other Equity Interest": 89000000.0,
        "Fixed Assets Revaluation Reserve": null,
        "Treasury Stock": 413448000000.0,
        "Retained Earnings": 12953881000000.0,
        "Additional Paid In Capital": 535956000000.0,
        "Capital Stock": 35101423000000.0,
        "Common Stock": 35101423000000.0,
        "Preferred Stock": 0.0,
        "Total Liabilities Net Minority Interest": 640709197000000.0,
        "Derivative Product Liabilities": 18449000000.0,
        "Long Term Debt And Capital Lease Obligation": 108721720000000.0,
        "Payables": 17424147000000.0,
        "Other Payable": 10343224000000.0,
        "Total Tax Payable": 1074508000000.0,
        "Accounts Payable": 6006415000000.0,
        "Total Assets": 697366458000000.0,
        "Investments And Advances": 71564842000000.0,
        "Investmentin Financial Assets": 70835103000000.0,
        "Held To Maturity Securities": 17430610000000.0,
        "Available For Sale Securities": 31448718000000.0,
        "Trading Securities": 21955775000000.0,
        "Long Term Equity Investment": 729739000000.0,
        "Investmentsin Joint Venturesat Cost": 0.0,
        "Investments In Other Ventures Under Equity Method": 857544000000.0,
        "Investmentsin Associatesat Cost": null,
        "Investmentsin Subsidiariesat Cost": 0.0,
        "Investment Properties": 0.0,
        "Goodwill And Other Intangible Assets": 878472000000.0,
        "Other Intangible Assets": 878472000000.0,
        "Goodwill": 0.0,
        "Net PPE": 3288165000000.0,
        "Accumulated Depreciation": -1096045000000.0,
        "Gross PPE": 4384210000000.0,
        "Construction In Progress": 2400710000000.0,
        "Other Properties": 920432000000.0,
        "Machinery Furniture Equipment": 469289000000.0,
        "Buildings And Improvements": 593779000000.0,
        "Prepaid Assets": 2222242000000.0,
        "Receivables": 49220198000000.0,
        "Cash And Cash Equivalents": 124116242000000.0,
        "Cash Equivalents": 11860000000.0,
        "Cash Financial": 3093495000000.0,
        "Cash Cash Equivalents And Federal Funds Sold": 124116242000000.0
      },
      "2024-09-30 00:00:00": {
        "Treasury Shares Number": 23471071.0,
        "Ordinary Shares Number": 4501618663.0,
        "Share Issued": 4525089734.0,
        "Total Debt": 100995520000000.0,
        "Tangible Book Value": 50432836000000.0,
        "Invested Capital": 152285911000000.0,
        "Net Tangible Assets": 50432836000000.0,
        "Common Stock Equity": 51290391000000.0,
        "Preferred Stock Equity": null,
        "Total Capitalization": 152285911000000.0,
        "Total Equity Gross Minority Interest": 53583975000000.0,
        "Minority Interest": 2293584000000.0,
        "Stockholders Equity": 51290391000000.0,
        "Other Equity Interest": 89000000.0,
        "Fixed Assets Revaluation Reserve": 0.0,
        "Treasury Stock": 413448000000.0,
        "Retained Earnings": 15734849000000.0,
        "Additional Paid In Capital": 535956000000.0,
        "Capital Stock": 29076321000000.0,
        "Common Stock": 29076321000000.0,
        "Preferred Stock": 0.0,
        "Total Liabilities Net Minority Interest": 575985137000000.0,
        "Derivative Product Liabilities": 113837000000.0,
        "Long Term Debt And Capital Lease Obligation": 100995520000000.0,
        "Payables": 7459227000000.0,
        "Other Payable": null,
        "Total Tax Payable": null,
        "Accounts Payable": 7459227000000.0,
        "Total Assets": 629569112000000.0,
        "Investments And Advances": 50696939000000.0,
        "Investmentin Financial Assets": 49885690000000.0,
        "Held To Maturity Securities": 6668285000000.0,
        "Available For Sale Securities": 27942864000000.0,
        "Trading Securities": 15274541000000.0,
        "Long Term Equity Investment": 811249000000.0,
        "Investmentsin Joint Venturesat Cost": 0.0,
        "Investments In Other Ventures Under Equity Method": 811249000000.0,
        "Investmentsin Associatesat Cost": null,
        "Investmentsin Subsidiariesat Cost": 0.0,
        "Investment Properties": 0.0,
        "Goodwill And Other Intangible Assets": 857555000000.0,
        "Other Intangible Assets": 857555000000.0,
        "Goodwill": 0.0,
        "Net PPE": 811751000000.0,
        "Accumulated Depreciation": -1068199000000.0,
        "Gross PPE": 1879950000000.0,
        "Construction In Progress": null,
        "Other Properties": 1879950000000.0,
        "Machinery Furniture Equipment": null,
        "Buildings And Improvements": null,
        "Prepaid Assets": null,
        "Receivables": 50310890000000.0,
        "Cash And Cash Equivalents": 125917015000000.0,
        "Cash Equivalents": null,
        "Cash Financial": 3127639000000.0,
        "Cash Cash Equivalents And Federal Funds Sold": 125917015000000.0
      },
      "2024-06-30 00:00:00": {
        "Treasury Shares Number": null,
        "Ordinary Shares Number": null,
        "Share Issued": null,
        "Total Debt": 93669867000000.0,
        "Tangible Book Value": 49896388000000.0,
        "Invested Capital": 144323753000000.0,
        "Net Tangible Assets": 49896388000000.0,
        "Common Stock Equity": 50653886000000.0,
        "Preferred Stock Equity": null,
        "Total Capitalization": 144323753000000.0,
        "Total Equity Gross Minority Interest": 52825710000000.0,
        "Minority Interest": 2171824000000.0,
        "Stockholders Equity": 50653886000000.0,
        "Other Equity Interest": 89000000.0,
        "Fixed Assets Revaluation Reserve": 0.0,
        "Treasury Stock": 413448000000.0,
        "Retained Earnings": 15223523000000.0,
        "Additional Paid In Capital": 535956000000.0,
        "Capital Stock": 29076321000000.0,
        "Common Stock": 29076321000000.0,
        "Preferred Stock": 0.0,
        "Total Liabilities Net Minority Interest": 571617789000000.0,
        "Derivative Product Liabilities": 0.0,
        "Long Term Debt And Capital Lease Obligation": 93669867000000.0,
        "Payables": 7661383000000.0,
        "Other Payable": null,
        "Total Tax Payable": null,
        "Accounts Payable": 7661383000000.0,
        "Total Assets": 624443499000000.0,
        "Investments And Advances": 70538903000000.0,
        "Investmentin Financial Assets": 69749677000000.0,
        "Held To Maturity Securities": 22570977000000.0,
        "Available For Sale Securities": 38191082000000.0,
        "Trading Securities": 8606526000000.0,
        "Long Term Equity Investment": 789226000000.0,
        "Investmentsin Joint Venturesat Cost": 0.0,
        "Investments In Other Ventures Under Equity Method": 789226000000.0,
        "Investmentsin Associatesat Cost": null,
        "Investmentsin Subsidiariesat Cost": 0.0,
        "Investment Properties": 0.0,
        "Goodwill And Other Intangible Assets": 757498000000.0,
        "Other Intangible Assets": 757498000000.0,
        "Goodwill": 0.0,
        "Net PPE": 785388000000.0,
        "Accumulated Depreciation": -1031910000000.0,
        "Gross PPE": 1817298000000.0,
        "Construction In Progress": null,
        "Other Properties": 1817298000000.0,
        "Machinery Furniture Equipment": null,
        "Buildings And Improvements": null,
        "Prepaid Assets": null,
        "Receivables": 59697784000000.0,
        "Cash And Cash Equivalents": 101796318000000.0,
        "Cash Equivalents": null,
        "Cash Financial": 3102598000000.0,
        "Cash Cash Equivalents And Federal Funds Sold": 101796318000000.0
      }
    },
    "quarterly_cash_flow": {
      "2025-06-30 00:00:00": {
        "Free Cash Flow": -1552544000000.0,
        "Repurchase Of Capital Stock": 0.0,
        "Repayment Of Debt": 0.0,
        "Issuance Of Debt": 0.0,
        "Issuance Of Capital Stock": 0.0,
        "Capital Expenditure": -70019000000.0,
        "End Cash Position": 138031874000000.0,
        "Beginning Cash Position": 139628360000000.0,
        "Effect Of Exchange Rate Changes": -57853000000.0,
        "Changes In Cash": -1538633000000.0,
        "Financing Cash Flow": 0.0,
        "Cash Dividends Paid": null,
        "Common Stock Dividend Paid": null,
        "Net Common Stock Issuance": 0.0,
        "Common Stock Payments": 0.0,
        "Common Stock Issuance": 0.0,
        "Net Issuance Payments Of Debt": 0.0,
        "Net Long Term Debt Issuance": 0.0,
        "Long Term Debt Payments": 0.0,
        "Long Term Debt Issuance": 0.0,
        "Investing Cash Flow": -56108000000.0,
        "Dividends Received Cfi": 4896000000.0,
        "Net Investment Purchase And Sale": 9000000000.0,
        "Sale Of Investment": 9000000000.0,
        "Purchase Of Investment": null,
        "Net Investment Properties Purchase And Sale": 0.0,
        "Sale Of Investment Properties": 0.0,
        "Purchase Of Investment Properties": 0.0,
        "Net PPE Purchase And Sale": -70004000000.0,
        "Sale Of PPE": 15000000.0,
        "Purchase Of PPE": -70019000000.0,
        "Operating Cash Flow": -1482525000000.0,
        "Cash Flowsfromusedin Operating Activities Direct": -1482525000000.0,
        "Classesof Cash Payments": -59907693000000.0,
        "Other Cash Paymentsfrom Operating Activities": -13889991000000.0,
        "Paymentson Behalfof Employees": -2504587000000.0,
        "Classesof Cash Receiptsfrom Operating Activities": 58425168000000.0,
        "Other Cash Receiptsfrom Operating Activities": 27206445000000.0
      },
      "2025-03-31 00:00:00": {
        "Free Cash Flow": 2323369000000.0,
        "Repurchase Of Capital Stock": 0.0,
        "Repayment Of Debt": 0.0,
        "Issuance Of Debt": 0.0,
        "Issuance Of Capital Stock": 0.0,
        "Capital Expenditure": -41402000000.0,
        "End Cash Position": 139628360000000.0,
        "Beginning Cash Position": 137261526000000.0,
        "Effect Of Exchange Rate Changes": 30876000000.0,
        "Changes In Cash": 2335958000000.0,
        "Financing Cash Flow": 0.0,
        "Cash Dividends Paid": null,
        "Common Stock Dividend Paid": null,
        "Net Common Stock Issuance": 0.0,
        "Common Stock Payments": 0.0,
        "Common Stock Issuance": 0.0,
        "Net Issuance Payments Of Debt": 0.0,
        "Net Long Term Debt Issuance": 0.0,
        "Long Term Debt Payments": 0.0,
        "Long Term Debt Issuance": 0.0,
        "Investing Cash Flow": -28813000000.0,
        "Dividends Received Cfi": 0.0,
        "Net Investment Purchase And Sale": 11880000000.0,
        "Sale Of Investment": 11880000000.0,
        "Purchase Of Investment": null,
        "Net Investment Properties Purchase And Sale": 0.0,
        "Sale Of Investment Properties": 0.0,
        "Purchase Of Investment Properties": 0.0,
        "Net PPE Purchase And Sale": -40693000000.0,
        "Sale Of PPE": 709000000.0,
        "Purchase Of PPE": -41402000000.0,
        "Operating Cash Flow": 2364771000000.0,
        "Cash Flowsfromusedin Operating Activities Direct": 2364771000000.0,
        "Classesof Cash Payments": -50064116000000.0,
        "Other Cash Paymentsfrom Operating Activities": -9399096000000.0,
        "Paymentson Behalfof Employees": -3290881000000.0,
        "Classesof Cash Receiptsfrom Operating Activities": 52428887000000.0,
        "Other Cash Receiptsfrom Operating Activities": 9571197000000.0
      },
      "2024-12-31 00:00:00": {
        "Free Cash Flow": 20282647000000.0,
        "Repurchase Of Capital Stock": null,
        "Repayment Of Debt": 0.0,
        "Issuance Of Debt": 0.0,
        "Issuance Of Capital Stock": 200000000000.0,
        "Capital Expenditure": -154995000000.0,
        "End Cash Position": 137261526000000.0,
        "Beginning Cash Position": 125917015000000.0,
        "Effect Of Exchange Rate Changes": -98756000000.0,
        "Changes In Cash": 11443266000000.0,
        "Financing Cash Flow": -8842654000000.0,
        "Cash Dividends Paid": 0.0,
        "Common Stock Dividend Paid": 0.0,
        "Net Common Stock Issuance": 200000000000.0,
        "Common Stock Payments": null,
        "Common Stock Issuance": 200000000000.0,
        "Net Issuance Payments Of Debt": 0.0,
        "Net Long Term Debt Issuance": 0.0,
        "Long Term Debt Payments": 0.0,
        "Long Term Debt Issuance": 0.0,
        "Investing Cash Flow": -151722000000.0,
        "Dividends Received Cfi": 0.0,
        "Net Investment Purchase And Sale": 2564000000.0,
        "Sale Of Investment": 3000000000.0,
        "Purchase Of Investment": -436000000.0,
        "Net Investment Properties Purchase And Sale": 0.0,
        "Sale Of Investment Properties": 0.0,
        "Purchase Of Investment Properties": 0.0,
        "Net PPE Purchase And Sale": -154286000000.0,
        "Sale Of PPE": 709000000.0,
        "Purchase Of PPE": -154995000000.0,
        "Operating Cash Flow": 20437642000000.0,
        "Cash Flowsfromusedin Operating Activities Direct": 20437642000000.0,
        "Classesof Cash Payments": -48507830000000.0,
        "Other Cash Paymentsfrom Operating Activities": -938012000000.0,
        "Paymentson Behalfof Employees": -2962814000000.0,
        "Classesof Cash Receiptsfrom Operating Activities": 68945472000000.0,
        "Other Cash Receiptsfrom Operating Activities": 21583093000000.0
      },
      "2024-09-30 00:00:00": {
        "Free Cash Flow": 1363659000000.0,
        "Repurchase Of Capital Stock": 0.0,
        "Repayment Of Debt": -857346000000.0,
        "Issuance Of Debt": 9900000000000.0,
        "Issuance Of Capital Stock": 0.0,
        "Capital Expenditure": -178629000000.0,
        "End Cash Position": 125917015000000.0,
        "Beginning Cash Position": 118296318000000.0,
        "Effect Of Exchange Rate Changes": 126899000000.0,
        "Changes In Cash": 7493798000000.0,
        "Financing Cash Flow": 6130103000000.0,
        "Cash Dividends Paid": null,
        "Common Stock Dividend Paid": null,
        "Net Common Stock Issuance": 0.0,
        "Common Stock Payments": 0.0,
        "Common Stock Issuance": 0.0,
        "Net Issuance Payments Of Debt": 9042654000000.0,
        "Net Long Term Debt Issuance": 9042654000000.0,
        "Long Term Debt Payments": -857346000000.0,
        "Long Term Debt Issuance": 9900000000000.0,
        "Investing Cash Flow": -178593000000.0,
        "Dividends Received Cfi": 0.0,
        "Net Investment Purchase And Sale": 0.0,
        "Sale Of Investment": 0.0,
        "Purchase Of Investment": 0.0,
        "Net Investment Properties Purchase And Sale": 0.0,
        "Sale Of Investment Properties": 0.0,
        "Purchase Of Investment Properties": 0.0,
        "Net PPE Purchase And Sale": -178593000000.0,
        "Sale Of PPE": 36000000.0,
        "Purchase Of PPE": -178629000000.0,
        "Operating Cash Flow": 1542288000000.0,
        "Cash Flowsfromusedin Operating Activities Direct": 1542288000000.0,
        "Classesof Cash Payments": -32457582000000.0,
        "Other Cash Paymentsfrom Operating Activities": 9648100000000.0,
        "Paymentson Behalfof Employees": -2946364000000.0,
        "Classesof Cash Receiptsfrom Operating Activities": 33999870000000.0,
        "Other Cash Receiptsfrom Operating Activities": 9701887000000.0
      },
      "2024-06-30 00:00:00": {
        "Free Cash Flow": 14307782000000.0,
        "Repurchase Of Capital Stock": 0.0,
        "Repayment Of Debt": 0.0,
        "Issuance Of Debt": 0.0,
        "Issuance Of Capital Stock": 0.0,
        "Capital Expenditure": -95318000000.0,
        "End Cash Position": 118296318000000.0,
        "Beginning Cash Position": 104746444000000.0,
        "Effect Of Exchange Rate Changes": -115524000000.0,
        "Changes In Cash": 13665398000000.0,
        "Financing Cash Flow": 0.0,
        "Cash Dividends Paid": null,
        "Common Stock Dividend Paid": null,
        "Net Common Stock Issuance": 0.0,
        "Common Stock Payments": 0.0,
        "Common Stock Issuance": 0.0,
        "Net Issuance Payments Of Debt": 0.0,
        "Net Long Term Debt Issuance": 0.0,
        "Long Term Debt Payments": 0.0,
        "Long Term Debt Issuance": 0.0,
        "Investing Cash Flow": -737702000000.0,
        "Dividends Received Cfi": 0.0,
        "Net Investment Purchase And Sale": -643264000000.0,
        "Sale Of Investment": 14375000000.0,
        "Purchase Of Investment": null,
        "Net Investment Properties Purchase And Sale": 0.0,
        "Sale Of Investment Properties": 0.0,
        "Purchase Of Investment Properties": 0.0,
        "Net PPE Purchase And Sale": -94438000000.0,
        "Sale Of PPE": 880000000.0,
        "Purchase Of PPE": -95318000000.0,
        "Operating Cash Flow": 14403100000000.0,
        "Cash Flowsfromusedin Operating Activities Direct": 14403100000000.0,
        "Classesof Cash Payments": -27619809000000.0,
        "Other Cash Paymentsfrom Operating Activities": 1870045000000.0,
        "Paymentson Behalfof Employees": -2638659000000.0,
        "Classesof Cash Receiptsfrom Operating Activities": 42022909000000.0,
        "Other Cash Receiptsfrom Operating Activities": 2718928000000.0
      }
    }
  },
  "annual": {
    "symbol": "HDB.VN",
    "timestamp": "2026-01-09T18:25:21.719218",
    "annual_financials": {
      "2024-12-31 00:00:00": {
        "Tax Effect Of Unusual Items": 0.0,
        "Tax Rate For Calcs": 0.20815,
        "Total Unusual Items": null,
        "Total Unusual Items Excluding Goodwill": null,
        "Net Income From Continuing Operation Net Minority Interest": 12762953000000.0,
        "Reconciled Depreciation": 195128000000.0,
        "Net Interest Income": 30878595000000.0,
        "Interest Expense": 27138452000000.0,
        "Interest Income": 58017047000000.0,
        "Normalized Income": 12762953000000.0,
        "Net Income From Continuing And Discontinued Operation": 12762953000000.0,
        "Diluted Average Shares": 4532744263.0,
        "Basic Average Shares": 4532744263.0,
        "Diluted EPS": 2830.596037,
        "Basic EPS": 2830.596037,
        "Diluted NI Availto Com Stockholders": 12762953000000.0,
        "Net Income Common Stockholders": 12762953000000.0,
        "Net Income": 12762953000000.0,
        "Minority Interests": -464695000000.0,
        "Net Income Including Noncontrolling Interests": 13247648000000.0,
        "Net Income Continuous Operations": 13247648000000.0,
        "Tax Provision": 3482347000000.0,
        "Pretax Income": 16729995000000.0,
        "Special Income Charges": null,
        "Other Special Charges": null,
        "Restructuring And Mergern Acquisition": null,
        "Gain On Sale Of Security": -221039000000.0,
        "Operating Expense": 11698634000000.0,
        "Other Operating Expenses": 2489415000000.0,
        "Depreciation And Amortization In Income Statement": 195128000000.0,
        "Depreciation Income Statement": 195128000000.0,
        "Selling General And Administration": 857690000000.0,
        "Selling And Marketing Expense": 857690000000.0,
        "General And Administrative Expense": null,
        "Insurance And Claims": 429995000000.0,
        "Rent And Landing Fees": 811253000000.0,
        "Total Revenue": 33401848000000.0,
        "Operating Revenue": 33401848000000.0
      },
      "2023-12-31 00:00:00": {
        "Tax Effect Of Unusual Items": 0.0,
        "Tax Rate For Calcs": 0.205944,
        "Total Unusual Items": -4799000000.0,
        "Total Unusual Items Excluding Goodwill": -4799000000.0,
        "Net Income From Continuing Operation Net Minority Interest": 10070898000000.0,
        "Reconciled Depreciation": 156673000000.0,
        "Net Interest Income": 22216244000000.0,
        "Interest Expense": 30456603000000.0,
        "Interest Income": 52672847000000.0,
        "Normalized Income": 10070898000000.0,
        "Net Income From Continuing And Discontinued Operation": 10070898000000.0,
        "Diluted Average Shares": 3751348886.0,
        "Basic Average Shares": 3751348886.0,
        "Diluted EPS": 2235.330403,
        "Basic EPS": 2235.330403,
        "Diluted NI Availto Com Stockholders": 10070898000000.0,
        "Net Income Common Stockholders": 10070898000000.0,
        "Net Income": 10070898000000.0,
        "Minority Interests": -265115000000.0,
        "Net Income Including Noncontrolling Interests": 10336013000000.0,
        "Net Income Continuous Operations": 10336013000000.0,
        "Tax Provision": 2680719000000.0,
        "Pretax Income": 13016732000000.0,
        "Special Income Charges": -4799000000.0,
        "Other Special Charges": -32270000000.0,
        "Restructuring And Mergern Acquisition": 4799000000.0,
        "Gain On Sale Of Security": -203825000000.0,
        "Operating Expense": 8809307000000.0,
        "Other Operating Expenses": 1932799000000.0,
        "Depreciation And Amortization In Income Statement": 156673000000.0,
        "Depreciation Income Statement": 156673000000.0,
        "Selling General And Administration": 603236000000.0,
        "Selling And Marketing Expense": 603236000000.0,
        "General And Administrative Expense": null,
        "Insurance And Claims": 285163000000.0,
        "Rent And Landing Fees": 701257000000.0,
        "Total Revenue": 25814267000000.0,
        "Operating Revenue": 25814267000000.0
      },
      "2022-12-31 00:00:00": {
        "Tax Effect Of Unusual Items": -1155392132.454283,
        "Tax Rate For Calcs": 0.200484,
        "Total Unusual Items": -5763000000.0,
        "Total Unusual Items Excluding Goodwill": -5763000000.0,
        "Net Income From Continuing Operation Net Minority Interest": 7749794000000.0,
        "Reconciled Depreciation": 152737000000.0,
        "Net Interest Income": 18049608000000.0,
        "Interest Expense": 15311836000000.0,
        "Interest Income": 33361444000000.0,
        "Normalized Income": 7754401607867.546,
        "Net Income From Continuing And Discontinued Operation": 7749794000000.0,
        "Diluted Average Shares": 4479431014.0,
        "Basic Average Shares": 4479431014.0,
        "Diluted EPS": 1727.838178,
        "Basic EPS": 1727.838178,
        "Diluted NI Availto Com Stockholders": 7749794000000.0,
        "Net Income Common Stockholders": 7749794000000.0,
        "Net Income": 7749794000000.0,
        "Minority Interests": -459676000000.0,
        "Net Income Including Noncontrolling Interests": 8209470000000.0,
        "Net Income Continuous Operations": 8209470000000.0,
        "Tax Provision": 2058586000000.0,
        "Pretax Income": 10268056000000.0,
        "Special Income Charges": -5763000000.0,
        "Other Special Charges": -38040000000.0,
        "Restructuring And Mergern Acquisition": 5763000000.0,
        "Gain On Sale Of Security": -240319000000.0,
        "Operating Expense": 8146734000000.0,
        "Other Operating Expenses": 1440767000000.0,
        "Depreciation And Amortization In Income Statement": 152737000000.0,
        "Depreciation Income Statement": 152737000000.0,
        "Selling General And Administration": 343419000000.0,
        "Selling And Marketing Expense": 343419000000.0,
        "General And Administrative Expense": null,
        "Insurance And Claims": 162094000000.0,
        "Rent And Landing Fees": 619056000000.0,
        "Total Revenue": 21078980000000.0,
        "Operating Revenue": 21078980000000.0
      },
      "2021-12-31 00:00:00": {
        "Tax Effect Of Unusual Items": -1154167296.167835,
        "Tax Rate For Calcs": 0.200272,
        "Total Unusual Items": -5763000000.0,
        "Total Unusual Items Excluding Goodwill": -5763000000.0,
        "Net Income From Continuing Operation Net Minority Interest": 6053519000000.0,
        "Reconciled Depreciation": 143528000000.0,
        "Net Interest Income": 13933844000000.0,
        "Interest Expense": 12285433000000.0,
        "Interest Income": 26219277000000.0,
        "Normalized Income": 6058127832703.832,
        "Net Income From Continuing And Discontinued Operation": 6053519000000.0,
        "Diluted Average Shares": 5176861462.0,
        "Basic Average Shares": 5176861462.0,
        "Diluted EPS": 1167.536197,
        "Basic EPS": 1167.536197,
        "Diluted NI Availto Com Stockholders": 6053519000000.0,
        "Net Income Common Stockholders": 6053519000000.0,
        "Net Income": 6053519000000.0,
        "Minority Interests": -399980000000.0,
        "Net Income Including Noncontrolling Interests": 6453499000000.0,
        "Net Income Continuous Operations": 6453499000000.0,
        "Tax Provision": 1616118000000.0,
        "Pretax Income": 8069617000000.0,
        "Special Income Charges": -5763000000.0,
        "Other Special Charges": -263000000.0,
        "Restructuring And Mergern Acquisition": 5763000000.0,
        "Gain On Sale Of Security": -71360000000.0,
        "Operating Expense": 6055972000000.0,
        "Other Operating Expenses": 1223751000000.0,
        "Depreciation And Amortization In Income Statement": 143528000000.0,
        "Depreciation Income Statement": 143528000000.0,
        "Selling General And Administration": 226989000000.0,
        "Selling And Marketing Expense": 226989000000.0,
        "General And Administrative Expense": 875000000.0,
        "Insurance And Claims": 140737000000.0,
        "Rent And Landing Fees": 531141000000.0,
        "Total Revenue": 16212485000000.0,
        "Operating Revenue": 16212485000000.0
      }
    },
    "annual_balance_sheet": {
      "2024-12-31 00:00:00": {
        "Treasury Shares Number": 19559225.0,
        "Ordinary Shares Number": 4532744263.0,
        "Share Issued": 4552303488.0,
        "Net Debt": null,
        "Total Debt": 108721720000000.0,
        "Tangible Book Value": 53612631000000.0,
        "Invested Capital": 163212823000000.0,
        "Net Tangible Assets": 53612631000000.0,
        "Common Stock Equity": 54491103000000.0,
        "Total Capitalization": 163212823000000.0,
        "Total Equity Gross Minority Interest": 56657261000000.0,
        "Minority Interest": 2166158000000.0,
        "Stockholders Equity": 54491103000000.0,
        "Other Equity Interest": 89000000.0,
        "Fixed Assets Revaluation Reserve": null,
        "Treasury Stock": 413448000000.0,
        "Retained Earnings": 12953881000000.0,
        "Additional Paid In Capital": 535956000000.0,
        "Capital Stock": 35101423000000.0,
        "Common Stock": 35101423000000.0,
        "Preferred Stock": 0.0,
        "Total Liabilities Net Minority Interest": 640709197000000.0,
        "Derivative Product Liabilities": 18449000000.0,
        "Long Term Debt And Capital Lease Obligation": 108721720000000.0,
        "Payables": 17424147000000.0,
        "Other Payable": 10343224000000.0,
        "Dividends Payable": null,
        "Total Tax Payable": 1074508000000.0,
        "Accounts Payable": 6006415000000.0,
        "Total Assets": 697366458000000.0,
        "Investments And Advances": 71564842000000.0,
        "Investmentin Financial Assets": 70835103000000.0,
        "Held To Maturity Securities": 17430610000000.0,
        "Available For Sale Securities": 31448718000000.0,
        "Trading Securities": 21955775000000.0,
        "Long Term Equity Investment": 729739000000.0,
        "Investmentsin Joint Venturesat Cost": 0.0,
        "Investments In Other Ventures Under Equity Method": 857544000000.0,
        "Investmentsin Subsidiariesat Cost": 0.0,
        "Investment Properties": 0.0,
        "Goodwill And Other Intangible Assets": 878472000000.0,
        "Other Intangible Assets": 878472000000.0,
        "Goodwill": 0.0,
        "Net PPE": 3288165000000.0,
        "Accumulated Depreciation": -1096045000000.0,
        "Gross PPE": 4384210000000.0,
        "Construction In Progress": 2400710000000.0,
        "Other Properties": 920432000000.0,
        "Machinery Furniture Equipment": 469289000000.0,
        "Buildings And Improvements": 593779000000.0,
        "Prepaid Assets": 2222242000000.0,
        "Receivables": 49220198000000.0,
        "Cash And Cash Equivalents": 124116242000000.0,
        "Cash Equivalents": 11860000000.0,
        "Cash Financial": 3093495000000.0,
        "Cash Cash Equivalents And Federal Funds Sold": 124116242000000.0
      },
      "2023-12-31 00:00:00": {
        "Treasury Shares Number": 23471071.0,
        "Ordinary Shares Number": 4501618663.0,
        "Share Issued": 4525089734.0,
        "Net Debt": null,
        "Total Debt": 103238569000000.0,
        "Tangible Book Value": 43759241000000.0,
        "Invested Capital": 147707428000000.0,
        "Net Tangible Assets": 43759241000000.0,
        "Common Stock Equity": 44468859000000.0,
        "Total Capitalization": 147707428000000.0,
        "Total Equity Gross Minority Interest": 46400322000000.0,
        "Minority Interest": 1931463000000.0,
        "Stockholders Equity": 44468859000000.0,
        "Other Equity Interest": 89000000.0,
        "Fixed Assets Revaluation Reserve": 89000000.0,
        "Treasury Stock": 413448000000.0,
        "Retained Earnings": 10561698000000.0,
        "Additional Paid In Capital": 535956000000.0,
        "Capital Stock": 29076321000000.0,
        "Common Stock": 29076321000000.0,
        "Preferred Stock": null,
        "Total Liabilities Net Minority Interest": 555914537000000.0,
        "Derivative Product Liabilities": 0.0,
        "Long Term Debt And Capital Lease Obligation": 103238569000000.0,
        "Payables": 18008411000000.0,
        "Other Payable": 8366440000000.0,
        "Dividends Payable": null,
        "Total Tax Payable": 1928845000000.0,
        "Accounts Payable": 7713126000000.0,
        "Total Assets": 602314859000000.0,
        "Investments And Advances": 62927081000000.0,
        "Investmentin Financial Assets": 62927081000000.0,
        "Held To Maturity Securities": 12292263000000.0,
        "Available For Sale Securities": 31943807000000.0,
        "Trading Securities": 18580932000000.0,
        "Long Term Equity Investment": 143781000000.0,
        "Investmentsin Joint Venturesat Cost": null,
        "Investments In Other Ventures Under Equity Method": 143781000000.0,
        "Investmentsin Subsidiariesat Cost": null,
        "Investment Properties": null,
        "Goodwill And Other Intangible Assets": 709618000000.0,
        "Other Intangible Assets": 709618000000.0,
        "Goodwill": 0.0,
        "Net PPE": 3082471000000.0,
        "Accumulated Depreciation": -989645000000.0,
        "Gross PPE": 4072116000000.0,
        "Construction In Progress": 2369330000000.0,
        "Other Properties": 824916000000.0,
        "Machinery Furniture Equipment": 366248000000.0,
        "Buildings And Improvements": 511622000000.0,
        "Prepaid Assets": 997812000000.0,
        "Receivables": 51285320000000.0,
        "Cash And Cash Equivalents": 133501902000000.0,
        "Cash Equivalents": 23634000000.0,
        "Cash Financial": 2786410000000.0,
        "Cash Cash Equivalents And Federal Funds Sold": 133501902000000.0
      },
      "2022-12-31 00:00:00": {
        "Treasury Shares Number": null,
        "Ordinary Shares Number": null,
        "Share Issued": null,
        "Net Debt": 35700529000000.0,
        "Total Debt": 90234355000000.0,
        "Tangible Book Value": 36265303000000.0,
        "Invested Capital": 127187893000000.0,
        "Net Tangible Assets": 36265303000000.0,
        "Common Stock Equity": 36953538000000.0,
        "Total Capitalization": 127187893000000.0,
        "Total Equity Gross Minority Interest": 38994886000000.0,
        "Minority Interest": 2041348000000.0,
        "Stockholders Equity": 36953538000000.0,
        "Other Equity Interest": 89000000.0,
        "Fixed Assets Revaluation Reserve": 89000000.0,
        "Treasury Stock": 413448000000.0,
        "Retained Earnings": 7999785000000.0,
        "Additional Paid In Capital": 535956000000.0,
        "Capital Stock": 25303429000000.0,
        "Common Stock": 25303429000000.0,
        "Preferred Stock": null,
        "Total Liabilities Net Minority Interest": 377278137000000.0,
        "Derivative Product Liabilities": 226480000000.0,
        "Long Term Debt And Capital Lease Obligation": 90234355000000.0,
        "Payables": 10722941000000.0,
        "Other Payable": 5126485000000.0,
        "Dividends Payable": null,
        "Total Tax Payable": 1483465000000.0,
        "Accounts Payable": 4112991000000.0,
        "Total Assets": 416273023000000.0,
        "Investments And Advances": 50731029000000.0,
        "Investmentin Financial Assets": 50587006000000.0,
        "Held To Maturity Securities": 13444130000000.0,
        "Available For Sale Securities": 35345054000000.0,
        "Trading Securities": 1797822000000.0,
        "Long Term Equity Investment": 144023000000.0,
        "Investmentsin Joint Venturesat Cost": null,
        "Investments In Other Ventures Under Equity Method": 144023000000.0,
        "Investmentsin Subsidiariesat Cost": null,
        "Investment Properties": null,
        "Goodwill And Other Intangible Assets": 688235000000.0,
        "Other Intangible Assets": 683436000000.0,
        "Goodwill": 4799000000.0,
        "Net PPE": 631621000000.0,
        "Accumulated Depreciation": -887790000000.0,
        "Gross PPE": 1519411000000.0,
        "Construction In Progress": null,
        "Other Properties": 720643000000.0,
        "Machinery Furniture Equipment": 315464000000.0,
        "Buildings And Improvements": 483304000000.0,
        "Prepaid Assets": null,
        "Receivables": 38247628000000.0,
        "Cash And Cash Equivalents": 54533826000000.0,
        "Cash Equivalents": null,
        "Cash Financial": 2937994000000.0,
        "Cash Cash Equivalents And Federal Funds Sold": 54533826000000.0
      },
      "2021-12-31 00:00:00": {
        "Treasury Shares Number": null,
        "Ordinary Shares Number": null,
        "Share Issued": null,
        "Net Debt": 22952966000000.0,
        "Total Debt": 93083855000000.0,
        "Tangible Book Value": 28320032000000.0,
        "Invested Capital": 122117296000000.0,
        "Net Tangible Assets": 28320032000000.0,
        "Common Stock Equity": 29033441000000.0,
        "Total Capitalization": 122117296000000.0,
        "Total Equity Gross Minority Interest": 30790113000000.0,
        "Minority Interest": 1756672000000.0,
        "Stockholders Equity": 29033441000000.0,
        "Other Equity Interest": 89000000.0,
        "Fixed Assets Revaluation Reserve": 89000000.0,
        "Treasury Stock": 413448000000.0,
        "Retained Earnings": 6290473000000.0,
        "Additional Paid In Capital": 535956000000.0,
        "Capital Stock": 20072906000000.0,
        "Common Stock": 20072906000000.0,
        "Preferred Stock": null,
        "Total Liabilities Net Minority Interest": 343821458000000.0,
        "Derivative Product Liabilities": 15550000000.0,
        "Long Term Debt And Capital Lease Obligation": 93083855000000.0,
        "Payables": 7463318000000.0,
        "Other Payable": 3429272000000.0,
        "Dividends Payable": 13000000000.0,
        "Total Tax Payable": 485277000000.0,
        "Accounts Payable": 3548769000000.0,
        "Total Assets": 374611571000000.0,
        "Investments And Advances": 76835323000000.0,
        "Investmentin Financial Assets": 76711492000000.0,
        "Held To Maturity Securities": 21955594000000.0,
        "Available For Sale Securities": 43557831000000.0,
        "Trading Securities": 11198067000000.0,
        "Long Term Equity Investment": 123831000000.0,
        "Investmentsin Joint Venturesat Cost": null,
        "Investments In Other Ventures Under Equity Method": 123831000000.0,
        "Investmentsin Subsidiariesat Cost": null,
        "Investment Properties": 0.0,
        "Goodwill And Other Intangible Assets": 713409000000.0,
        "Other Intangible Assets": 702847000000.0,
        "Goodwill": 10562000000.0,
        "Net PPE": 663478000000.0,
        "Accumulated Depreciation": -811592000000.0,
        "Gross PPE": 1475070000000.0,
        "Construction In Progress": null,
        "Other Properties": 710109000000.0,
        "Machinery Furniture Equipment": 280131000000.0,
        "Buildings And Improvements": 484830000000.0,
        "Prepaid Assets": null,
        "Receivables": 23983301000000.0,
        "Cash And Cash Equivalents": 70130889000000.0,
        "Cash Equivalents": null,
        "Cash Financial": 2445611000000.0,
        "Cash Cash Equivalents And Federal Funds Sold": 70130889000000.0
      }
    },
    "annual_cash_flow": {
      "2024-12-31 00:00:00": {
        "Free Cash Flow": 8201245000000.0,
        "Repurchase Of Capital Stock": null,
        "Repayment Of Debt": 0.0,
        "Issuance Of Debt": 0.0,
        "Issuance Of Capital Stock": 200000000000.0,
        "Capital Expenditure": -541148000000.0,
        "End Cash Position": 137261526000000.0,
        "Other Cash Adjustment Outside Changein Cash": 1000000.0,
        "Beginning Cash Position": 132411767000000.0,
        "Effect Of Exchange Rate Changes": 0.0,
        "Changes In Cash": 4849758000000.0,
        "Financing Cash Flow": -2712551000000.0,
        "Cash Dividends Paid": -2912551000000.0,
        "Common Stock Dividend Paid": -2912551000000.0,
        "Net Common Stock Issuance": 200000000000.0,
        "Common Stock Payments": null,
        "Common Stock Issuance": 200000000000.0,
        "Net Issuance Payments Of Debt": 0.0,
        "Net Long Term Debt Issuance": 0.0,
        "Long Term Debt Payments": 0.0,
        "Long Term Debt Issuance": 0.0,
        "Investing Cash Flow": -1180084000000.0,
        "Dividends Received Cfi": 0.0,
        "Net Investment Purchase And Sale": -640700000000.0,
        "Sale Of Investment": 17375000000.0,
        "Purchase Of Investment": -658075000000.0,
        "Net Investment Properties Purchase And Sale": 0.0,
        "Sale Of Investment Properties": 0.0,
        "Purchase Of Investment Properties": 0.0,
        "Net PPE Purchase And Sale": -539384000000.0,
        "Sale Of PPE": 1764000000.0,
        "Purchase Of PPE": -541148000000.0,
        "Operating Cash Flow": 8742393000000.0,
        "Cash Flowsfromusedin Operating Activities Direct": 8742393000000.0,
        "Classesof Cash Payments": -160186988000000.0,
        "Other Cash Paymentsfrom Operating Activities": -3497287000000.0,
        "Paymentson Behalfof Employees": -10962548000000.0,
        "Classesof Cash Receiptsfrom Operating Activities": 168929381000000.0,
        "Other Cash Receiptsfrom Operating Activities": 35041493000000.0
      },
      "2023-12-31 00:00:00": {
        "Free Cash Flow": 80383124000000.0,
        "Repurchase Of Capital Stock": null,
        "Repayment Of Debt": 0.0,
        "Issuance Of Debt": 0.0,
        "Issuance Of Capital Stock": 0.0,
        "Capital Expenditure": -273921000000.0,
        "End Cash Position": 132411767000000.0,
        "Other Cash Adjustment Outside Changein Cash": null,
        "Beginning Cash Position": 54533826000000.0,
        "Effect Of Exchange Rate Changes": 0.0,
        "Changes In Cash": 77877941000000.0,
        "Financing Cash Flow": -2515261000000.0,
        "Cash Dividends Paid": -2515261000000.0,
        "Common Stock Dividend Paid": -2515261000000.0,
        "Net Common Stock Issuance": 0.0,
        "Common Stock Payments": null,
        "Common Stock Issuance": 0.0,
        "Net Issuance Payments Of Debt": 0.0,
        "Net Long Term Debt Issuance": 0.0,
        "Long Term Debt Payments": 0.0,
        "Long Term Debt Issuance": 0.0,
        "Investing Cash Flow": -263843000000.0,
        "Dividends Received Cfi": 9325000000.0,
        "Net Investment Purchase And Sale": 0.0,
        "Sale Of Investment": 0.0,
        "Purchase Of Investment": 0.0,
        "Net Investment Properties Purchase And Sale": 0.0,
        "Sale Of Investment Properties": 0.0,
        "Purchase Of Investment Properties": 0.0,
        "Net PPE Purchase And Sale": -273168000000.0,
        "Sale Of PPE": 753000000.0,
        "Purchase Of PPE": -273921000000.0,
        "Operating Cash Flow": 80657045000000.0,
        "Cash Flowsfromusedin Operating Activities Direct": 80657045000000.0,
        "Classesof Cash Payments": -157725000000000.0,
        "Other Cash Paymentsfrom Operating Activities": -30478181000000.0,
        "Paymentson Behalfof Employees": -8980790000000.0,
        "Classesof Cash Receiptsfrom Operating Activities": 238382045000000.0,
        "Other Cash Receiptsfrom Operating Activities": 11240528000000.0
      },
      "2022-12-31 00:00:00": {
        "Free Cash Flow": -15841079000000.0,
        "Repurchase Of Capital Stock": null,
        "Repayment Of Debt": null,
        "Issuance Of Debt": null,
        "Issuance Of Capital Stock": 200000000000.0,
        "Capital Expenditure": -122001000000.0,
        "End Cash Position": 54533826000000.0,
        "Other Cash Adjustment Outside Changein Cash": null,
        "Beginning Cash Position": 70130889000000.0,
        "Effect Of Exchange Rate Changes": null,
        "Changes In Cash": -15597063000000.0,
        "Financing Cash Flow": 200000000000.0,
        "Cash Dividends Paid": null,
        "Common Stock Dividend Paid": null,
        "Net Common Stock Issuance": 200000000000.0,
        "Common Stock Payments": null,
        "Common Stock Issuance": 200000000000.0,
        "Net Issuance Payments Of Debt": null,
        "Net Long Term Debt Issuance": null,
        "Long Term Debt Payments": null,
        "Long Term Debt Issuance": null,
        "Investing Cash Flow": -77985000000.0,
        "Dividends Received Cfi": 22069000000.0,
        "Net Investment Purchase And Sale": 500000000.0,
        "Sale Of Investment": 500000000.0,
        "Purchase Of Investment": null,
        "Net Investment Properties Purchase And Sale": 0.0,
        "Sale Of Investment Properties": 0.0,
        "Purchase Of Investment Properties": null,
        "Net PPE Purchase And Sale": -100554000000.0,
        "Sale Of PPE": 21447000000.0,
        "Purchase Of PPE": -122001000000.0,
        "Operating Cash Flow": -15719078000000.0,
        "Cash Flowsfromusedin Operating Activities Direct": -15719078000000.0,
        "Classesof Cash Payments": -123645563000000.0,
        "Other Cash Paymentsfrom Operating Activities": -15476748000000.0,
        "Paymentson Behalfof Employees": -8668312000000.0,
        "Classesof Cash Receiptsfrom Operating Activities": 107926485000000.0,
        "Other Cash Receiptsfrom Operating Activities": 5221971000000.0
      },
      "2021-12-31 00:00:00": {
        "Free Cash Flow": 15298519000000.0,
        "Repurchase Of Capital Stock": 0.0,
        "Repayment Of Debt": null,
        "Issuance Of Debt": null,
        "Issuance Of Capital Stock": 0.0,
        "Capital Expenditure": -353900000000.0,
        "End Cash Position": 70130889000000.0,
        "Other Cash Adjustment Outside Changein Cash": null,
        "Beginning Cash Position": 54756301000000.0,
        "Effect Of Exchange Rate Changes": null,
        "Changes In Cash": 15374588000000.0,
        "Financing Cash Flow": 0.0,
        "Cash Dividends Paid": null,
        "Common Stock Dividend Paid": null,
        "Net Common Stock Issuance": 0.0,
        "Common Stock Payments": 0.0,
        "Common Stock Issuance": 0.0,
        "Net Issuance Payments Of Debt": null,
        "Net Long Term Debt Issuance": null,
        "Long Term Debt Payments": null,
        "Long Term Debt Issuance": null,
        "Investing Cash Flow": -277831000000.0,
        "Dividends Received Cfi": 0.0,
        "Net Investment Purchase And Sale": 51775000000.0,
        "Sale Of Investment": 51775000000.0,
        "Purchase Of Investment": null,
        "Net Investment Properties Purchase And Sale": 24026000000.0,
        "Sale Of Investment Properties": 24026000000.0,
        "Purchase Of Investment Properties": null,
        "Net PPE Purchase And Sale": -353632000000.0,
        "Sale Of PPE": 268000000.0,
        "Purchase Of PPE": -353900000000.0,
        "Operating Cash Flow": 15652419000000.0,
        "Cash Flowsfromusedin Operating Activities Direct": 15652419000000.0,
        "Classesof Cash Payments": -62614237000000.0,
        "Other Cash Paymentsfrom Operating Activities": -17542393000000.0,
        "Paymentson Behalfof Employees": -6228455000000.0,
        "Classesof Cash Receiptsfrom Operating Activities": 78266656000000.0,
        "Other Cash Receiptsfrom Operating Activities": 10255696000000.0
      }
    }
  },
  "metrics": {
    "symbol": "HDB.VN",
    "timestamp": "2026-01-09T18:25:22.299154",
    "pe_ratio": 8.83896,
    "pb_ratio": 1.9218043,
    "dividend_yield": 3.42,
    "beta": 0.592,
    "eps": 3156.48,
    "roe": 0.24706,
    "roa": 0.02135,
    "debt_to_equity": null,
    "current_ratio": null,
    "quick_ratio": null,
    "profit_margin": 0.48021,
    "operating_margin": 0.65552,
    "free_cashflow": null,
    "52_week_high": 29700.0,
    "52_week_low": 13879.251,
    "revenue": 30217320005632,
    "gross_profit": 30217320005632,
    "operating_income": -81707340398592
  },
  "dividends": {
    "symbol": "HDB.VN",
    "timestamp": "2026-01-09T18:25:22.432437",
    "total_records": 1,
    "dividends": [
      {
        "date": "2024-07-12T00:00:00+07:00",
        "amount": 1000.0
      }
    ]
  },
  "splits": {
    "symbol": "HDB.VN",
    "timestamp": "2026-01-09T18:25:22.468202",
    "total_records": 3,
    "splits": [
      {
        "date": "2023-07-19T00:00:00+07:00",
        "ratio": 1.15
      },
      {
        "date": "2024-12-11T00:00:00+07:00",
        "ratio": 1.2
      },
      {
        "date": "2025-12-18T00:00:00+07:00",
        "ratio": 1.2969
      }
    ]
  }
}