{
  "symbol": "BID.VN",
  "timestamp": "2026-01-09T18:25:10.502616",
  "quarterly": {
    "symbol": "BID.VN",
    "timestamp": "2026-01-09T18:25:10.792404",
    "quarterly_financials": {
      "2025-06-30 00:00:00": {
        "Tax Effect Of Unusual Items": 0.0,
        "Tax Rate For Calcs": 0.199887,
        "Net Income From Continuing Operation Net Minority Interest": 6755782000000.0,
        "Reconciled Depreciation": null,
        "Net Interest Income": 14991731000000.0,
        "Interest Expense": 22535434000000.0,
        "Interest Income": 37527165000000.0,
        "Normalized Income": 6755782000000.0,
        "Net Income From Continuing And Discontinued Operation": 6755782000000.0,
        "Diluted Average Shares": 7021361917.0,
        "Basic Average Shares": 7021361917.0,
        "Diluted EPS": 962.175441,
        "Basic EPS": 962.175441,
        "Diluted NI Availto Com Stockholders": 6755782000000.0,
        "Net Income Common Stockholders": 6755782000000.0,
        "Net Income": 6755782000000.0,
        "Minority Interests": -144963000000.0,
        "Net Income Including Noncontrolling Interests": 6900745000000.0,
        "Net Income Continuous Operations": 6900745000000.0,
        "Tax Provision": 1723968000000.0,
        "Pretax Income": 8624713000000.0,
        "Gain On Sale Of Security": 908252000000.0,
        "Operating Expense": 7981623000000.0,
        "Other Operating Expenses": 7981623000000.0,
        "Depreciation And Amortization In Income Statement": null,
        "Depreciation Income Statement": null,
        "Insurance And Claims": null,
        "Rent And Landing Fees": null,
        "Total Revenue": 22704439000000.0,
        "Operating Revenue": 22704439000000.0
      },
      "2025-03-31 00:00:00": {
        "Tax Effect Of Unusual Items": 0.0,
        "Tax Rate For Calcs": 0.19666,
        "Net Income From Continuing Operation Net Minority Interest": 5840373000000.0,
        "Reconciled Depreciation": 313443000000.0,
        "Net Interest Income": 13945584000000.0,
        "Interest Expense": 21340651000000.0,
        "Interest Income": 35286235000000.0,
        "Normalized Income": 5840373000000.0,
        "Net Income From Continuing And Discontinued Operation": 5840373000000.0,
        "Diluted Average Shares": 7021361917.0,
        "Basic Average Shares": 7021361917.0,
        "Diluted EPS": 831.800592,
        "Basic EPS": 831.800592,
        "Diluted NI Availto Com Stockholders": 5840373000000.0,
        "Net Income Common Stockholders": 5840373000000.0,
        "Net Income": 5840373000000.0,
        "Minority Interests": -114889000000.0,
        "Net Income Including Noncontrolling Interests": 5955262000000.0,
        "Net Income Continuous Operations": 5955262000000.0,
        "Tax Provision": 1457863000000.0,
        "Pretax Income": 7413125000000.0,
        "Gain On Sale Of Security": -155000000.0,
        "Operating Expense": 6436376000000.0,
        "Other Operating Expenses": 1842949000000.0,
        "Depreciation And Amortization In Income Statement": 313443000000.0,
        "Depreciation Income Statement": 313443000000.0,
        "Insurance And Claims": 362410000000.0,
        "Rent And Landing Fees": 642937000000.0,
        "Total Revenue": 18304624000000.0,
        "Operating Revenue": 18304624000000.0
      },
      "2024-12-31 00:00:00": {
        "Tax Effect Of Unusual Items": 0.0,
        "Tax Rate For Calcs": 0.200528,
        "Net Income From Continuing Operation Net Minority Interest": 7328333000000.0,
        "Reconciled Depreciation": null,
        "Net Interest Income": 15638753000000.0,
        "Interest Expense": 20830515000000.0,
        "Interest Income": 36469268000000.0,
        "Normalized Income": 7328333000000.0,
        "Net Income From Continuing And Discontinued Operation": 7328333000000.0,
        "Diluted Average Shares": 6897515300.0,
        "Basic Average Shares": 6897515300.0,
        "Diluted EPS": 1062.45984,
        "Basic EPS": 1062.45984,
        "Diluted NI Availto Com Stockholders": 7328333000000.0,
        "Net Income Common Stockholders": 7328333000000.0,
        "Net Income": 7328333000000.0,
        "Minority Interests": -135792000000.0,
        "Net Income Including Noncontrolling Interests": 7464125000000.0,
        "Net Income Continuous Operations": 7464125000000.0,
        "Tax Provision": 1872191000000.0,
        "Pretax Income": 9336316000000.0,
        "Gain On Sale Of Security": 5309114000000.0,
        "Operating Expense": 11397684000000.0,
        "Other Operating Expenses": 11397684000000.0,
        "Depreciation And Amortization In Income Statement": null,
        "Depreciation Income Statement": null,
        "Insurance And Claims": null,
        "Rent And Landing Fees": null,
        "Total Revenue": 28420946000000.0,
        "Operating Revenue": 28420946000000.0
      },
      "2024-09-30 00:00:00": {
        "Tax Effect Of Unusual Items": 0.0,
        "Tax Rate For Calcs": 0.197654,
        "Net Income From Continuing Operation Net Minority Interest": 5151318000000.0,
        "Reconciled Depreciation": null,
        "Net Interest Income": 13989724000000.0,
        "Interest Expense": 20336569000000.0,
        "Interest Income": 34326293000000.0,
        "Normalized Income": 5151318000000.0,
        "Net Income From Continuing And Discontinued Operation": 5151318000000.0,
        "Diluted Average Shares": 6897527439.0,
        "Basic Average Shares": 6897527439.0,
        "Diluted EPS": 746.835449,
        "Basic EPS": 746.835449,
        "Diluted NI Availto Com Stockholders": 5151318000000.0,
        "Net Income Common Stockholders": 5151318000000.0,
        "Net Income": 5151318000000.0,
        "Minority Interests": -62548000000.0,
        "Net Income Including Noncontrolling Interests": 5213866000000.0,
        "Net Income Continuous Operations": 5213866000000.0,
        "Tax Provision": 1284413000000.0,
        "Pretax Income": 6498279000000.0,
        "Gain On Sale Of Security": -379545000000.0,
        "Operating Expense": 6834969000000.0,
        "Other Operating Expenses": 6834969000000.0,
        "Depreciation And Amortization In Income Statement": null,
        "Depreciation Income Statement": null,
        "Insurance And Claims": null,
        "Rent And Landing Fees": null,
        "Total Revenue": 17786377000000.0,
        "Operating Revenue": 17786377000000.0
      },
      "2024-06-30 00:00:00": {
        "Tax Effect Of Unusual Items": 0.0,
        "Tax Rate For Calcs": 0.199835,
        "Net Income From Continuing Operation Net Minority Interest": 6365954000000.0,
        "Reconciled Depreciation": null,
        "Net Interest Income": 14837763000000.0,
        "Interest Expense": 19059130000000.0,
        "Interest Income": 33896893000000.0,
        "Normalized Income": 6365954000000.0,
        "Net Income From Continuing And Discontinued Operation": 6365954000000.0,
        "Diluted Average Shares": 6897527439.0,
        "Basic Average Shares": 6897527439.0,
        "Diluted EPS": 922.932755,
        "Basic EPS": 922.932755,
        "Diluted NI Availto Com Stockholders": 6365954000000.0,
        "Net Income Common Stockholders": 6365954000000.0,
        "Net Income": 6365954000000.0,
        "Minority Interests": -162215000000.0,
        "Net Income Including Noncontrolling Interests": 6528169000000.0,
        "Net Income Continuous Operations": 6528169000000.0,
        "Tax Provision": 1630363000000.0,
        "Pretax Income": 8158532000000.0,
        "Gain On Sale Of Security": 611951000000.0,
        "Operating Expense": 7722020000000.0,
        "Other Operating Expenses": 7722020000000.0,
        "Depreciation And Amortization In Income Statement": null,
        "Depreciation Income Statement": null,
        "Insurance And Claims": null,
        "Rent And Landing Fees": null,
        "Total Revenue": 21238291000000.0,
        "Operating Revenue": 21238291000000.0
      }
    },
    "quarterly_balance_sheet": {
      "2025-06-30 00:00:00": {
        "Treasury Shares Number": null,
        "Ordinary Shares Number": 7021361917.0,
        "Share Issued": 7021361917.0,
        "Total Debt": 261017384000000.0,
        "Tangible Book Value": 152146826000000.0,
        "Invested Capital": 418378999000000.0,
        "Net Tangible Assets": 152146826000000.0,
        "Common Stock Equity": 157361615000000.0,
        "Total Capitalization": 418378999000000.0,
        "Total Equity Gross Minority Interest": 162738354000000.0,
        "Minority Interest": 5376739000000.0,
        "Stockholders Equity": 157361615000000.0,
        "Other Equity Interest": 452623000000.0,
        "Retained Earnings": 45989939000000.0,
        "Additional Paid In Capital": 18875728000000.0,
        "Capital Stock": 70213619000000.0,
        "Common Stock": 70213619000000.0,
        "Total Liabilities Net Minority Interest": 2828932477000000.0,
        "Derivative Product Liabilities": 889430000000.0,
        "Long Term Debt And Capital Lease Obligation": 261017384000000.0,
        "Payables": 49417558000000.0,
        "Other Payable": 18909292000000.0,
        "Total Tax Payable": null,
        "Accounts Payable": 30508266000000.0,
        "Total Assets": 2991670831000000.0,
        "Investments And Advances": 294110819000000.0,
        "Investmentin Financial Assets": 290261117000000.0,
        "Held To Maturity Securities": 117777936000000.0,
        "Available For Sale Securities": 148449754000000.0,
        "Trading Securities": 24033427000000.0,
        "Long Term Equity Investment": 3849702000000.0,
        "Investmentsin Joint Venturesat Cost": 3017620000000.0,
        "Investments In Other Ventures Under Equity Method": 79865000000.0,
        "Investmentsin Associatesat Cost": 752217000000.0,
        "Goodwill And Other Intangible Assets": 5214789000000.0,
        "Other Intangible Assets": 5214789000000.0,
        "Net PPE": 6582985000000.0,
        "Accumulated Depreciation": -10410722000000.0,
        "Gross PPE": 16993707000000.0,
        "Construction In Progress": null,
        "Other Properties": null,
        "Machinery Furniture Equipment": null,
        "Buildings And Improvements": null,
        "Receivables": 54529500000000.0,
        "Cash And Cash Equivalents": 475643226000000.0,
        "Cash Equivalents": null,
        "Cash Financial": 11226886000000.0,
        "Cash Cash Equivalents And Federal Funds Sold": 475643226000000.0
      },
      "2025-03-31 00:00:00": {
        "Treasury Shares Number": null,
        "Ordinary Shares Number": 7021361917.0,
        "Share Issued": 7021361917.0,
        "Total Debt": 246372793000000.0,
        "Tangible Book Value": 145289243000000.0,
        "Invested Capital": 396922512000000.0,
        "Net Tangible Assets": 145289243000000.0,
        "Common Stock Equity": 150549719000000.0,
        "Total Capitalization": 396922512000000.0,
        "Total Equity Gross Minority Interest": 155906310000000.0,
        "Minority Interest": 5356591000000.0,
        "Stockholders Equity": 150549719000000.0,
        "Other Equity Interest": 452623000000.0,
        "Retained Earnings": 42040986000000.0,
        "Additional Paid In Capital": 18875728000000.0,
        "Capital Stock": 70213619000000.0,
        "Common Stock": 70213619000000.0,
        "Total Liabilities Net Minority Interest": 2700204641000000.0,
        "Derivative Product Liabilities": 375751000000.0,
        "Long Term Debt And Capital Lease Obligation": 246372793000000.0,
        "Payables": 45944770000000.0,
        "Other Payable": 16494708000000.0,
        "Total Tax Payable": null,
        "Accounts Payable": 29450062000000.0,
        "Total Assets": 2856110951000000.0,
        "Investments And Advances": 298412905000000.0,
        "Investmentin Financial Assets": 294657387000000.0,
        "Held To Maturity Securities": 118899792000000.0,
        "Available For Sale Securities": 160517130000000.0,
        "Trading Securities": 15240465000000.0,
        "Long Term Equity Investment": 3755518000000.0,
        "Investmentsin Joint Venturesat Cost": 2933448000000.0,
        "Investments In Other Ventures Under Equity Method": 80641000000.0,
        "Investmentsin Associatesat Cost": 741429000000.0,
        "Goodwill And Other Intangible Assets": 5260476000000.0,
        "Other Intangible Assets": 5260476000000.0,
        "Net PPE": 6635972000000.0,
        "Accumulated Depreciation": -10177509000000.0,
        "Gross PPE": 16813481000000.0,
        "Construction In Progress": null,
        "Other Properties": null,
        "Machinery Furniture Equipment": null,
        "Buildings And Improvements": null,
        "Receivables": 54789711000000.0,
        "Cash And Cash Equivalents": 409579568000000.0,
        "Cash Equivalents": null,
        "Cash Financial": 10980778000000.0,
        "Cash Cash Equivalents And Federal Funds Sold": 409579568000000.0
      },
      "2024-12-31 00:00:00": {
        "Treasury Shares Number": null,
        "Ordinary Shares Number": 6897515300.0,
        "Share Issued": 6897515300.0,
        "Total Debt": 238224914000000.0,
        "Tangible Book Value": 134356462000000.0,
        "Invested Capital": 377901988000000.0,
        "Net Tangible Assets": 134356462000000.0,
        "Common Stock Equity": 139677074000000.0,
        "Total Capitalization": 377901988000000.0,
        "Total Equity Gross Minority Interest": 144911113000000.0,
        "Minority Interest": 5234039000000.0,
        "Stockholders Equity": 139677074000000.0,
        "Other Equity Interest": 452623000000.0,
        "Retained Earnings": 36192494000000.0,
        "Additional Paid In Capital": 15361020000000.0,
        "Capital Stock": 68975153000000.0,
        "Common Stock": 68975153000000.0,
        "Total Liabilities Net Minority Interest": 2615880741000000.0,
        "Derivative Product Liabilities": 0.0,
        "Long Term Debt And Capital Lease Obligation": 238224914000000.0,
        "Payables": 47373028000000.0,
        "Other Payable": 15330535000000.0,
        "Total Tax Payable": 3372388000000.0,
        "Accounts Payable": 28670105000000.0,
        "Total Assets": 2760791854000000.0,
        "Investments And Advances": 294741978000000.0,
        "Investmentin Financial Assets": 291318384000000.0,
        "Held To Maturity Securities": 120123761000000.0,
        "Available For Sale Securities": 157797307000000.0,
        "Trading Securities": 12734060000000.0,
        "Long Term Equity Investment": 3423594000000.0,
        "Investmentsin Joint Venturesat Cost": 2608671000000.0,
        "Investments In Other Ventures Under Equity Method": 75082000000.0,
        "Investmentsin Associatesat Cost": 739841000000.0,
        "Goodwill And Other Intangible Assets": 5320612000000.0,
        "Other Intangible Assets": 5320612000000.0,
        "Net PPE": 7827602000000.0,
        "Accumulated Depreciation": -9945914000000.0,
        "Gross PPE": 17773516000000.0,
        "Construction In Progress": 1028397000000.0,
        "Other Properties": 2191555000000.0,
        "Machinery Furniture Equipment": 6490399000000.0,
        "Buildings And Improvements": 8063165000000.0,
        "Receivables": 47073829000000.0,
        "Cash And Cash Equivalents": 371480056000000.0,
        "Cash Equivalents": 151433000000.0,
        "Cash Financial": 10621457000000.0,
        "Cash Cash Equivalents And Federal Funds Sold": 372068618000000.0
      },
      "2024-09-30 00:00:00": {
        "Treasury Shares Number": null,
        "Ordinary Shares Number": 6897527439.0,
        "Share Issued": 6897527439.0,
        "Total Debt": 220848425000000.0,
        "Tangible Book Value": 128223595000000.0,
        "Invested Capital": 354198302000000.0,
        "Net Tangible Assets": 128223595000000.0,
        "Common Stock Equity": 133349877000000.0,
        "Total Capitalization": 354198302000000.0,
        "Total Equity Gross Minority Interest": 138439656000000.0,
        "Minority Interest": 5089779000000.0,
        "Stockholders Equity": 133349877000000.0,
        "Other Equity Interest": 452623000000.0,
        "Retained Earnings": 45498918000000.0,
        "Additional Paid In Capital": 15361020000000.0,
        "Capital Stock": 57004359000000.0,
        "Common Stock": 57004359000000.0,
        "Total Liabilities Net Minority Interest": 2437541619000000.0,
        "Derivative Product Liabilities": 0.0,
        "Long Term Debt And Capital Lease Obligation": 220848425000000.0,
        "Payables": 44837612000000.0,
        "Other Payable": 16481379000000.0,
        "Total Tax Payable": null,
        "Accounts Payable": 28356233000000.0,
        "Total Assets": 2575981275000000.0,
        "Investments And Advances": 268973407000000.0,
        "Investmentin Financial Assets": 265572077000000.0,
        "Held To Maturity Securities": 103043512000000.0,
        "Available For Sale Securities": 149197710000000.0,
        "Trading Securities": 13275111000000.0,
        "Long Term Equity Investment": 3401330000000.0,
        "Investmentsin Joint Venturesat Cost": 2549562000000.0,
        "Investments In Other Ventures Under Equity Method": 100926000000.0,
        "Investmentsin Associatesat Cost": 750842000000.0,
        "Goodwill And Other Intangible Assets": 5126282000000.0,
        "Other Intangible Assets": 5126282000000.0,
        "Net PPE": 6428898000000.0,
        "Accumulated Depreciation": -9828656000000.0,
        "Gross PPE": 16257554000000.0,
        "Construction In Progress": null,
        "Other Properties": null,
        "Machinery Furniture Equipment": null,
        "Buildings And Improvements": null,
        "Receivables": 60521050000000.0,
        "Cash And Cash Equivalents": 303966452000000.0,
        "Cash Equivalents": null,
        "Cash Financial": 11014213000000.0,
        "Cash Cash Equivalents And Federal Funds Sold": 303966452000000.0
      },
      "2024-06-30 00:00:00": {
        "Treasury Shares Number": 0.0,
        "Ordinary Shares Number": 6897527439.0,
        "Share Issued": 6897527439.0,
        "Total Debt": 236551406000000.0,
        "Tangible Book Value": 124580651000000.0,
        "Invested Capital": 366205116000000.0,
        "Net Tangible Assets": 124580651000000.0,
        "Common Stock Equity": 129653710000000.0,
        "Total Capitalization": 366205116000000.0,
        "Total Equity Gross Minority Interest": 134699703000000.0,
        "Minority Interest": 5045993000000.0,
        "Stockholders Equity": 129653710000000.0,
        "Other Equity Interest": 349870000000.0,
        "Retained Earnings": 41950736000000.0,
        "Additional Paid In Capital": 15361020000000.0,
        "Capital Stock": 57004359000000.0,
        "Common Stock": 57004359000000.0,
        "Total Liabilities Net Minority Interest": 2386353751000000.0,
        "Derivative Product Liabilities": 398343000000.0,
        "Long Term Debt And Capital Lease Obligation": 236551406000000.0,
        "Payables": 43962278000000.0,
        "Other Payable": 14807759000000.0,
        "Total Tax Payable": null,
        "Accounts Payable": 29154519000000.0,
        "Total Assets": 2521053454000000.0,
        "Investments And Advances": 263795031000000.0,
        "Investmentin Financial Assets": 260406393000000.0,
        "Held To Maturity Securities": 103741296000000.0,
        "Available For Sale Securities": 148479250000000.0,
        "Trading Securities": 8185847000000.0,
        "Long Term Equity Investment": 3388638000000.0,
        "Investmentsin Joint Venturesat Cost": 2518226000000.0,
        "Investments In Other Ventures Under Equity Method": 100132000000.0,
        "Investmentsin Associatesat Cost": 770280000000.0,
        "Goodwill And Other Intangible Assets": 5073059000000.0,
        "Other Intangible Assets": 5073059000000.0,
        "Net PPE": 6512484000000.0,
        "Accumulated Depreciation": -9651021000000.0,
        "Gross PPE": 16163505000000.0,
        "Construction In Progress": null,
        "Other Properties": null,
        "Machinery Furniture Equipment": null,
        "Buildings And Improvements": null,
        "Receivables": 65055429000000.0,
        "Cash And Cash Equivalents": 319071323000000.0,
        "Cash Equivalents": null,
        "Cash Financial": 10282845000000.0,
        "Cash Cash Equivalents And Federal Funds Sold": 319071323000000.0
      }
    },
    "quarterly_cash_flow": {
      "2025-06-30 00:00:00": {
        "Free Cash Flow": 54044583000000.0,
        "Repayment Of Debt": -8312000000000.0,
        "Capital Expenditure": -481879000000.0,
        "End Cash Position": 427523402000000.0,
        "Beginning Cash Position": 363837339000000.0,
        "Changes In Cash": 63686063000000.0,
        "Financing Cash Flow": 9523000000000.0,
        "Cash Dividends Paid": null,
        "Common Stock Dividend Paid": null,
        "Net Common Stock Issuance": 0.0,
        "Net Issuance Payments Of Debt": 9523000000000.0,
        "Net Long Term Debt Issuance": 9523000000000.0,
        "Long Term Debt Payments": -8312000000000.0,
        "Investing Cash Flow": -363399000000.0,
        "Net Other Investing Changes": 177000000.0,
        "Dividends Received Cfi": 118259000000.0,
        "Net PPE Purchase And Sale": -481835000000.0,
        "Sale Of PPE": 44000000.0,
        "Purchase Of PPE": -481879000000.0,
        "Operating Cash Flow": 54526462000000.0,
        "Cash Flowsfromusedin Operating Activities Direct": 54526462000000.0,
        "Classesof Cash Payments": -90309454000000.0,
        "Other Cash Paymentsfrom Operating Activities": 3591660000000.0,
        "Paymentson Behalfof Employees": -6257985000000.0,
        "Classesof Cash Receiptsfrom Operating Activities": 144835916000000.0,
        "Other Cash Receiptsfrom Operating Activities": 2651557000000.0
      },
      "2025-03-31 00:00:00": {
        "Free Cash Flow": 35438097000000.0,
        "Repayment Of Debt": -1079520000000.0,
        "Capital Expenditure": -507275000000.0,
        "End Cash Position": 363837339000000.0,
        "Beginning Cash Position": 324724464000000.0,
        "Changes In Cash": 39112875000000.0,
        "Financing Cash Flow": 3673654000000.0,
        "Cash Dividends Paid": null,
        "Common Stock Dividend Paid": null,
        "Net Common Stock Issuance": 4753174000000.0,
        "Net Issuance Payments Of Debt": -1079520000000.0,
        "Net Long Term Debt Issuance": -1079520000000.0,
        "Long Term Debt Payments": -1079520000000.0,
        "Investing Cash Flow": -506151000000.0,
        "Net Other Investing Changes": -178000000.0,
        "Dividends Received Cfi": 1302000000.0,
        "Net PPE Purchase And Sale": -507275000000.0,
        "Sale Of PPE": 0.0,
        "Purchase Of PPE": -507275000000.0,
        "Operating Cash Flow": 35945372000000.0,
        "Cash Flowsfromusedin Operating Activities Direct": 35945372000000.0,
        "Classesof Cash Payments": -115841663000000.0,
        "Other Cash Paymentsfrom Operating Activities": -7789205000000.0,
        "Paymentson Behalfof Employees": -8431273000000.0,
        "Classesof Cash Receiptsfrom Operating Activities": 151787035000000.0,
        "Other Cash Receiptsfrom Operating Activities": 2224315000000.0
      },
      "2024-12-31 00:00:00": {
        "Free Cash Flow": 60339232000000.0,
        "Repayment Of Debt": null,
        "Capital Expenditure": -261600000000.0,
        "End Cash Position": 324724464000000.0,
        "Beginning Cash Position": 262085497000000.0,
        "Changes In Cash": 62638967000000.0,
        "Financing Cash Flow": 2275767000000.0,
        "Cash Dividends Paid": -85823000000.0,
        "Common Stock Dividend Paid": -85823000000.0,
        "Net Common Stock Issuance": null,
        "Net Issuance Payments Of Debt": null,
        "Net Long Term Debt Issuance": null,
        "Long Term Debt Payments": null,
        "Investing Cash Flow": -237632000000.0,
        "Net Other Investing Changes": -194000000.0,
        "Dividends Received Cfi": 6036000000.0,
        "Net PPE Purchase And Sale": -252055000000.0,
        "Sale Of PPE": 9545000000.0,
        "Purchase Of PPE": -261600000000.0,
        "Operating Cash Flow": 60600832000000.0,
        "Cash Flowsfromusedin Operating Activities Direct": 60600832000000.0,
        "Classesof Cash Payments": -199657605000000.0,
        "Other Cash Paymentsfrom Operating Activities": -56429078000000.0,
        "Paymentson Behalfof Employees": -7840798000000.0,
        "Classesof Cash Receiptsfrom Operating Activities": 260258437000000.0,
        "Other Cash Receiptsfrom Operating Activities": 6054166000000.0
      },
      "2024-09-30 00:00:00": {
        "Free Cash Flow": -16151933000000.0,
        "Repayment Of Debt": null,
        "Capital Expenditure": -338068000000.0,
        "End Cash Position": 262085497000000.0,
        "Beginning Cash Position": 278222471000000.0,
        "Changes In Cash": -16136974000000.0,
        "Financing Cash Flow": 0.0,
        "Cash Dividends Paid": 0.0,
        "Common Stock Dividend Paid": 0.0,
        "Net Common Stock Issuance": null,
        "Net Issuance Payments Of Debt": null,
        "Net Long Term Debt Issuance": null,
        "Long Term Debt Payments": null,
        "Investing Cash Flow": -323109000000.0,
        "Net Other Investing Changes": null,
        "Dividends Received Cfi": 7901000000.0,
        "Net PPE Purchase And Sale": -331010000000.0,
        "Sale Of PPE": 7058000000.0,
        "Purchase Of PPE": -338068000000.0,
        "Operating Cash Flow": -15813865000000.0,
        "Cash Flowsfromusedin Operating Activities Direct": -15813865000000.0,
        "Classesof Cash Payments": -104332319000000.0,
        "Other Cash Paymentsfrom Operating Activities": 489194000000.0,
        "Paymentson Behalfof Employees": -5239565000000.0,
        "Classesof Cash Receiptsfrom Operating Activities": 88518454000000.0,
        "Other Cash Receiptsfrom Operating Activities": 844065000000.0
      },
      "2024-06-30 00:00:00": {
        "Free Cash Flow": 49257829000000.0,
        "Repayment Of Debt": null,
        "Capital Expenditure": -335610000000.0,
        "End Cash Position": 278222471000000.0,
        "Beginning Cash Position": 228899389000000.0,
        "Changes In Cash": 49323082000000.0,
        "Financing Cash Flow": -8637000000.0,
        "Cash Dividends Paid": null,
        "Common Stock Dividend Paid": null,
        "Net Common Stock Issuance": null,
        "Net Issuance Payments Of Debt": null,
        "Net Long Term Debt Issuance": null,
        "Long Term Debt Payments": null,
        "Investing Cash Flow": -261720000000.0,
        "Net Other Investing Changes": null,
        "Dividends Received Cfi": 70229000000.0,
        "Net PPE Purchase And Sale": -333254000000.0,
        "Sale Of PPE": 2356000000.0,
        "Purchase Of PPE": -335610000000.0,
        "Operating Cash Flow": 49593439000000.0,
        "Cash Flowsfromusedin Operating Activities Direct": 49593439000000.0,
        "Classesof Cash Payments": -153331033000000.0,
        "Other Cash Paymentsfrom Operating Activities": -48422663000000.0,
        "Paymentson Behalfof Employees": -5669122000000.0,
        "Classesof Cash Receiptsfrom Operating Activities": 202924472000000.0,
        "Other Cash Receiptsfrom Operating Activities": 1813415000000.0
      }
    }
  },
  "annual": {
    "symbol": "BID.VN",
    "timestamp": "2026-01-09T18:25:11.335533",
    "annual_financials": {
      "2024-12-31 00:00:00": {
        "Tax Effect Of Unusual Items": 0.0,
        "Tax Rate For Calcs": 0.199495,
        "Net Income From Continuing Operation Net Minority Interest": 25140037000000.0,
        "Reconciled Depreciation": 1312861000000.0,
        "Net Interest Income": 58007576000000.0,
        "Interest Expense": 80280835000000.0,
        "Interest Income": 138288411000000.0,
        "Normalized Income": 25140037000000.0,
        "Net Income From Continuing And Discontinued Operation": 25140037000000.0,
        "Diluted Average Shares": 6897515268.0,
        "Basic Average Shares": 6897515268.0,
        "Diluted EPS": 2739.0,
        "Basic EPS": 2739.0,
        "Diluted NI Availto Com Stockholders": 22098588000000.0,
        "Net Income Common Stockholders": 22098588000000.0,
        "Otherunder Preferred Stock Dividend": 3041449000000.0,
        "Net Income": 25140037000000.0,
        "Minority Interests": -464000000000.0,
        "Net Income Including Noncontrolling Interests": 25604037000000.0,
        "Net Income Continuous Operations": 25604037000000.0,
        "Tax Provision": 6380832000000.0,
        "Pretax Income": 31984869000000.0,
        "Gain On Sale Of Security": 5498652000000.0,
        "Operating Expense": 30192076000000.0,
        "Other Operating Expenses": 11195739000000.0,
        "Depreciation And Amortization In Income Statement": 1312861000000.0,
        "Depreciation Income Statement": 1312861000000.0,
        "Selling General And Administration": null,
        "General And Administrative Expense": null,
        "Insurance And Claims": 1317494000000.0,
        "Rent And Landing Fees": 367042000000.0,
        "Total Revenue": 74758462000000.0,
        "Operating Revenue": 74758462000000.0
      },
      "2023-12-31 00:00:00": {
        "Tax Effect Of Unusual Items": 0.0,
        "Tax Rate For Calcs": 0.203407,
        "Net Income From Continuing Operation Net Minority Interest": 21504918000000.0,
        "Reconciled Depreciation": 1293399000000.0,
        "Net Interest Income": 56135566000000.0,
        "Interest Expense": 96625750000000.0,
        "Interest Income": 152761316000000.0,
        "Normalized Income": 21504918000000.0,
        "Net Income From Continuing And Discontinued Operation": 21504918000000.0,
        "Diluted Average Shares": 6897515268.0,
        "Basic Average Shares": 6897515268.0,
        "Diluted EPS": 3204.0,
        "Basic EPS": 3204.0,
        "Diluted NI Availto Com Stockholders": 18890538000000.0,
        "Net Income Common Stockholders": 18890538000000.0,
        "Otherunder Preferred Stock Dividend": 2614380000000.0,
        "Net Income": 21504918000000.0,
        "Minority Interests": -472223000000.0,
        "Net Income Including Noncontrolling Interests": 21977141000000.0,
        "Net Income Continuous Operations": 21977141000000.0,
        "Tax Provision": 5611763000000.0,
        "Pretax Income": 27588904000000.0,
        "Gain On Sale Of Security": 3681745000000.0,
        "Operating Expense": 27884460000000.0,
        "Other Operating Expenses": 10669656000000.0,
        "Depreciation And Amortization In Income Statement": 1293399000000.0,
        "Depreciation Income Statement": 1293399000000.0,
        "Selling General And Administration": 5306799000000.0,
        "General And Administrative Expense": 5306799000000.0,
        "Insurance And Claims": 1149475000000.0,
        "Rent And Landing Fees": 293853000000.0,
        "Total Revenue": 70137117000000.0,
        "Operating Revenue": 70137117000000.0
      },
      "2022-12-31 00:00:00": {
        "Tax Effect Of Unusual Items": 0.0,
        "Tax Rate For Calcs": 0.199546,
        "Net Income From Continuing Operation Net Minority Interest": 18085912000000.0,
        "Reconciled Depreciation": 1057839000000.0,
        "Net Interest Income": 55959698000000.0,
        "Interest Expense": 65041035000000.0,
        "Interest Income": 121000733000000.0,
        "Normalized Income": 18085912000000.0,
        "Net Income From Continuing And Discontinued Operation": 18085912000000.0,
        "Diluted Average Shares": 6897000000.0,
        "Basic Average Shares": 6897000000.0,
        "Diluted EPS": 2230.578512,
        "Basic EPS": 2230.578512,
        "Diluted NI Availto Com Stockholders": 15384328000000.0,
        "Net Income Common Stockholders": 15384328000000.0,
        "Otherunder Preferred Stock Dividend": 2701584000000.0,
        "Net Income": 18085912000000.0,
        "Minority Interests": -262612000000.0,
        "Net Income Including Noncontrolling Interests": 18348524000000.0,
        "Net Income Continuous Operations": 18348524000000.0,
        "Tax Provision": 4574125000000.0,
        "Pretax Income": 22922649000000.0,
        "Gain On Sale Of Security": 1187000000.0,
        "Operating Expense": 23974434000000.0,
        "Other Operating Expenses": 8805160000000.0,
        "Depreciation And Amortization In Income Statement": 1057839000000.0,
        "Depreciation Income Statement": 1057839000000.0,
        "Selling General And Administration": 4774311000000.0,
        "General And Administrative Expense": 4774311000000.0,
        "Insurance And Claims": 1026761000000.0,
        "Rent And Landing Fees": 247409000000.0,
        "Total Revenue": 64805756000000.0,
        "Operating Revenue": 64805756000000.0
      },
      "2021-12-31 00:00:00": {
        "Tax Effect Of Unusual Items": 0.0,
        "Tax Rate For Calcs": 0.199767,
        "Net Income From Continuing Operation Net Minority Interest": 10540138000000.0,
        "Reconciled Depreciation": 1222703000000.0,
        "Net Interest Income": 46823308000000.0,
        "Interest Expense": 54184600000000.0,
        "Interest Income": 101007908000000.0,
        "Normalized Income": 10540138000000.0,
        "Net Income From Continuing And Discontinued Operation": 10540138000000.0,
        "Diluted Average Shares": 6898194391.0,
        "Basic Average Shares": 6898194391.0,
        "Diluted EPS": 1265.81443,
        "Basic EPS": 1265.81443,
        "Diluted NI Availto Com Stockholders": 8733277000000.0,
        "Net Income Common Stockholders": 8733277000000.0,
        "Otherunder Preferred Stock Dividend": 1806861000000.0,
        "Net Income": 10540138000000.0,
        "Minority Interests": -301133000000.0,
        "Net Income Including Noncontrolling Interests": 10841271000000.0,
        "Net Income Continuous Operations": 10841271000000.0,
        "Tax Provision": 2706380000000.0,
        "Pretax Income": 13547651000000.0,
        "Gain On Sale Of Security": 585768000000.0,
        "Operating Expense": 21703314000000.0,
        "Other Operating Expenses": 8094869000000.0,
        "Depreciation And Amortization In Income Statement": 1222703000000.0,
        "Depreciation Income Statement": 1222703000000.0,
        "Selling General And Administration": 3611764000000.0,
        "General And Administrative Expense": 3611764000000.0,
        "Insurance And Claims": 957274000000.0,
        "Rent And Landing Fees": null,
        "Total Revenue": 56328595000000.0,
        "Operating Revenue": 56328595000000.0
      }
    },
    "annual_balance_sheet": {
      "2024-12-31 00:00:00": {
        "Ordinary Shares Number": 6897515300.0,
        "Share Issued": 6897515300.0,
        "Total Debt": 238224914000000.0,
        "Tangible Book Value": 134356462000000.0,
        "Invested Capital": 377901988000000.0,
        "Net Tangible Assets": 134356462000000.0,
        "Common Stock Equity": 139677074000000.0,
        "Total Capitalization": 377901988000000.0,
        "Total Equity Gross Minority Interest": 144911113000000.0,
        "Minority Interest": 5234039000000.0,
        "Stockholders Equity": 139677074000000.0,
        "Other Equity Interest": 452623000000.0,
        "Retained Earnings": 36192494000000.0,
        "Additional Paid In Capital": 15361020000000.0,
        "Capital Stock": 68975153000000.0,
        "Common Stock": 68975153000000.0,
        "Total Liabilities Net Minority Interest": 2615880741000000.0,
        "Derivative Product Liabilities": 0.0,
        "Long Term Debt And Capital Lease Obligation": 238224914000000.0,
        "Payables": 47373028000000.0,
        "Other Payable": 15330535000000.0,
        "Dividends Payable": null,
        "Total Tax Payable": 3372388000000.0,
        "Accounts Payable": 28670105000000.0,
        "Total Assets": 2760791854000000.0,
        "Investments And Advances": 294741978000000.0,
        "Investmentin Financial Assets": 291318384000000.0,
        "Held To Maturity Securities": 120123761000000.0,
        "Available For Sale Securities": 157797307000000.0,
        "Trading Securities": 12734060000000.0,
        "Long Term Equity Investment": 3423594000000.0,
        "Investmentsin Joint Venturesat Cost": 2608671000000.0,
        "Investments In Other Ventures Under Equity Method": 75082000000.0,
        "Investmentsin Associatesat Cost": 739841000000.0,
        "Goodwill And Other Intangible Assets": 5320612000000.0,
        "Other Intangible Assets": 5320612000000.0,
        "Net PPE": 7827602000000.0,
        "Accumulated Depreciation": -9945914000000.0,
        "Gross PPE": 17773516000000.0,
        "Construction In Progress": 1028397000000.0,
        "Other Properties": 2191555000000.0,
        "Machinery Furniture Equipment": 6490399000000.0,
        "Buildings And Improvements": 8063165000000.0,
        "Receivables": 47073829000000.0,
        "Cash And Cash Equivalents": 371480056000000.0,
        "Cash Equivalents": 151433000000.0,
        "Cash Financial": 10621457000000.0,
        "Cash Cash Equivalents And Federal Funds Sold": 372068618000000.0
      },
      "2023-12-31 00:00:00": {
        "Ordinary Shares Number": 6897527439.0,
        "Share Issued": 6897527439.0,
        "Total Debt": 239956065000000.0,
        "Tangible Book Value": 113205956000000.0,
        "Invested Capital": 357856800000000.0,
        "Net Tangible Assets": 113205956000000.0,
        "Common Stock Equity": 117900735000000.0,
        "Total Capitalization": 357856800000000.0,
        "Total Equity Gross Minority Interest": 122866889000000.0,
        "Minority Interest": 4966154000000.0,
        "Stockholders Equity": 117900735000000.0,
        "Other Equity Interest": 345918000000.0,
        "Retained Earnings": 30330738000000.0,
        "Additional Paid In Capital": 15361020000000.0,
        "Capital Stock": 57004359000000.0,
        "Common Stock": 57004359000000.0,
        "Total Liabilities Net Minority Interest": 2178001839000000.0,
        "Derivative Product Liabilities": 328155000000.0,
        "Long Term Debt And Capital Lease Obligation": 239956065000000.0,
        "Payables": 51233100000000.0,
        "Other Payable": 12973290000000.0,
        "Dividends Payable": null,
        "Total Tax Payable": 3825831000000.0,
        "Accounts Payable": 34433979000000.0,
        "Total Assets": 2300868728000000.0,
        "Investments And Advances": 232561632000000.0,
        "Investmentin Financial Assets": 229448557000000.0,
        "Held To Maturity Securities": 95506608000000.0,
        "Available For Sale Securities": 126969475000000.0,
        "Trading Securities": 6972474000000.0,
        "Long Term Equity Investment": 3113075000000.0,
        "Investmentsin Joint Venturesat Cost": 2314557000000.0,
        "Investments In Other Ventures Under Equity Method": 100791000000.0,
        "Investmentsin Associatesat Cost": 697727000000.0,
        "Goodwill And Other Intangible Assets": 4694779000000.0,
        "Other Intangible Assets": 4694779000000.0,
        "Net PPE": 8479383000000.0,
        "Accumulated Depreciation": -9206984000000.0,
        "Gross PPE": 17686367000000.0,
        "Construction In Progress": 2078021000000.0,
        "Other Properties": 2082382000000.0,
        "Machinery Furniture Equipment": 5722415000000.0,
        "Buildings And Improvements": 7803549000000.0,
        "Receivables": 38376380000000.0,
        "Cash And Cash Equivalents": 259977988000000.0,
        "Cash Equivalents": 40113000000.0,
        "Cash Financial": 10989091000000.0,
        "Cash Cash Equivalents And Federal Funds Sold": 260734973000000.0
      },
      "2022-12-31 00:00:00": {
        "Ordinary Shares Number": 6897545090.0,
        "Share Issued": 6897545090.0,
        "Total Debt": 210465070000000.0,
        "Tangible Book Value": 94959104000000.0,
        "Invested Capital": 309860337000000.0,
        "Net Tangible Assets": 94959104000000.0,
        "Common Stock Equity": 99395267000000.0,
        "Total Capitalization": 309860337000000.0,
        "Total Equity Gross Minority Interest": 104118505000000.0,
        "Minority Interest": 4723238000000.0,
        "Stockholders Equity": 99395267000000.0,
        "Other Equity Interest": 267851000000.0,
        "Retained Earnings": 21503511000000.0,
        "Additional Paid In Capital": 15351407000000.0,
        "Capital Stock": 50585239000000.0,
        "Common Stock": 50585239000000.0,
        "Total Liabilities Net Minority Interest": 2016558206000000.0,
        "Derivative Product Liabilities": 0.0,
        "Long Term Debt And Capital Lease Obligation": 210465070000000.0,
        "Payables": 40854133000000.0,
        "Other Payable": 11984676000000.0,
        "Dividends Payable": 0.0,
        "Total Tax Payable": 2817824000000.0,
        "Accounts Payable": 26051633000000.0,
        "Total Assets": 2120676711000000.0,
        "Investments And Advances": 241427247000000.0,
        "Investmentin Financial Assets": 238459087000000.0,
        "Held To Maturity Securities": 73687097000000.0,
        "Available For Sale Securities": 162032312000000.0,
        "Trading Securities": 1701464000000.0,
        "Long Term Equity Investment": 2968160000000.0,
        "Investmentsin Joint Venturesat Cost": 2243217000000.0,
        "Investments In Other Ventures Under Equity Method": 96619000000.0,
        "Investmentsin Associatesat Cost": 628324000000.0,
        "Goodwill And Other Intangible Assets": 4436163000000.0,
        "Other Intangible Assets": 4436163000000.0,
        "Net PPE": 8035631000000.0,
        "Accumulated Depreciation": -8496347000000.0,
        "Gross PPE": 16531978000000.0,
        "Construction In Progress": 1932317000000.0,
        "Other Properties": 1899493000000.0,
        "Machinery Furniture Equipment": 5430401000000.0,
        "Buildings And Improvements": 7269767000000.0,
        "Receivables": 32692836000000.0,
        "Cash And Cash Equivalents": 328630594000000.0,
        "Cash Equivalents": 5426000000.0,
        "Cash Financial": 13739802000000.0,
        "Cash Cash Equivalents And Federal Funds Sold": 329359129000000.0
      },
      "2021-12-31 00:00:00": {
        "Ordinary Shares Number": 6897545090.0,
        "Share Issued": 6897545090.0,
        "Total Debt": 177085506000000.0,
        "Tangible Book Value": 78731916000000.0,
        "Invested Capital": 260220604000000.0,
        "Net Tangible Assets": 78731916000000.0,
        "Common Stock Equity": 83135098000000.0,
        "Total Capitalization": 260220604000000.0,
        "Total Equity Gross Minority Interest": 86329026000000.0,
        "Minority Interest": 3193928000000.0,
        "Stockholders Equity": 83135098000000.0,
        "Other Equity Interest": 267851000000.0,
        "Retained Earnings": 8672557000000.0,
        "Additional Paid In Capital": 14292382000000.0,
        "Capital Stock": 50585239000000.0,
        "Common Stock": 50585239000000.0,
        "Total Liabilities Net Minority Interest": 1675366766000000.0,
        "Derivative Product Liabilities": null,
        "Long Term Debt And Capital Lease Obligation": 177085506000000.0,
        "Payables": 31585697000000.0,
        "Other Payable": 9031684000000.0,
        "Dividends Payable": 152939000000.0,
        "Total Tax Payable": 873805000000.0,
        "Accounts Payable": 21527269000000.0,
        "Total Assets": 1761695792000000.0,
        "Investments And Advances": 186347813000000.0,
        "Investmentin Financial Assets": 183500166000000.0,
        "Held To Maturity Securities": 65711393000000.0,
        "Available For Sale Securities": 111527578000000.0,
        "Trading Securities": 6068913000000.0,
        "Long Term Equity Investment": 2847647000000.0,
        "Investmentsin Joint Venturesat Cost": 2134086000000.0,
        "Investments In Other Ventures Under Equity Method": 117965000000.0,
        "Investmentsin Associatesat Cost": 595596000000.0,
        "Goodwill And Other Intangible Assets": 4403182000000.0,
        "Other Intangible Assets": 4403182000000.0,
        "Net PPE": 8478056000000.0,
        "Accumulated Depreciation": -7926258000000.0,
        "Gross PPE": 16404314000000.0,
        "Construction In Progress": 2140006000000.0,
        "Other Properties": 1860926000000.0,
        "Machinery Furniture Equipment": 5235472000000.0,
        "Buildings And Improvements": 7167910000000.0,
        "Receivables": 16600633000000.0,
        "Cash And Cash Equivalents": 193555015000000.0,
        "Cash Equivalents": 33983000000.0,
        "Cash Financial": 12626600000000.0,
        "Cash Cash Equivalents And Federal Funds Sold": 193555015000000.0
      }
    },
    "annual_cash_flow": {
      "2024-12-31 00:00:00": {
        "Free Cash Flow": 97601944000000.0,
        "Capital Expenditure": -1244828000000.0,
        "End Cash Position": 324724464000000.0,
        "Beginning Cash Position": 224739002000000.0,
        "Changes In Cash": 99985462000000.0,
        "Financing Cash Flow": 2267130000000.0,
        "Net Other Financing Charges": 2361590000000.0,
        "Cash Dividends Paid": -94460000000.0,
        "Common Stock Dividend Paid": -94460000000.0,
        "Net Common Stock Issuance": null,
        "Investing Cash Flow": -1128440000000.0,
        "Net Other Investing Changes": -4693000000.0,
        "Dividends Received Cfi": 88105000000.0,
        "Net Investment Purchase And Sale": 13080000000.0,
        "Sale Of Investment": 14108000000.0,
        "Purchase Of Investment": -1028000000.0,
        "Net Business Purchase And Sale": 14108000000.0,
        "Sale Of Business": 14108000000.0,
        "Net PPE Purchase And Sale": -1224932000000.0,
        "Sale Of PPE": 19896000000.0,
        "Purchase Of PPE": -1244828000000.0,
        "Operating Cash Flow": 98846772000000.0,
        "Cash Flowsfromusedin Operating Activities Direct": 98846772000000.0,
        "Classesof Cash Payments": -502015880000000.0,
        "Other Cash Paymentsfrom Operating Activities": -72665152000000.0,
        "Paymentson Behalfof Employees": -25803145000000.0,
        "Classesof Cash Receiptsfrom Operating Activities": 600862652000000.0,
        "Other Cash Receiptsfrom Operating Activities": 10853510000000.0
      },
      "2023-12-31 00:00:00": {
        "Free Cash Flow": -73020064000000.0,
        "Capital Expenditure": -2005077000000.0,
        "End Cash Position": 224739002000000.0,
        "Beginning Cash Position": 297687381000000.0,
        "Changes In Cash": -72948379000000.0,
        "Financing Cash Flow": -119694000000.0,
        "Net Other Financing Charges": null,
        "Cash Dividends Paid": -119694000000.0,
        "Common Stock Dividend Paid": -119694000000.0,
        "Net Common Stock Issuance": 0.0,
        "Investing Cash Flow": -1813698000000.0,
        "Net Other Investing Changes": -2435000000.0,
        "Dividends Received Cfi": 182104000000.0,
        "Net Investment Purchase And Sale": 0.0,
        "Sale Of Investment": 0.0,
        "Purchase Of Investment": 0.0,
        "Net Business Purchase And Sale": 0.0,
        "Sale Of Business": 0.0,
        "Net PPE Purchase And Sale": -1993367000000.0,
        "Sale Of PPE": 11710000000.0,
        "Purchase Of PPE": -2005077000000.0,
        "Operating Cash Flow": -71014987000000.0,
        "Cash Flowsfromusedin Operating Activities Direct": -71014987000000.0,
        "Classesof Cash Payments": -518491768000000.0,
        "Other Cash Paymentsfrom Operating Activities": -10968385000000.0,
        "Paymentson Behalfof Employees": -23440129000000.0,
        "Classesof Cash Receiptsfrom Operating Activities": 447476781000000.0,
        "Other Cash Receiptsfrom Operating Activities": 8389150000000.0
      },
      "2022-12-31 00:00:00": {
        "Free Cash Flow": 131426170000000.0,
        "Capital Expenditure": -1091733000000.0,
        "End Cash Position": 297687381000000.0,
        "Beginning Cash Position": 165330266000000.0,
        "Changes In Cash": 132357115000000.0,
        "Financing Cash Flow": 757095000000.0,
        "Net Other Financing Charges": null,
        "Cash Dividends Paid": -301930000000.0,
        "Common Stock Dividend Paid": -301930000000.0,
        "Net Common Stock Issuance": 1059025000000.0,
        "Investing Cash Flow": -917883000000.0,
        "Net Other Investing Changes": -1585000000.0,
        "Dividends Received Cfi": 165567000000.0,
        "Net Investment Purchase And Sale": 0.0,
        "Sale Of Investment": null,
        "Purchase Of Investment": 0.0,
        "Net Business Purchase And Sale": null,
        "Sale Of Business": null,
        "Net PPE Purchase And Sale": -1081865000000.0,
        "Sale Of PPE": 9868000000.0,
        "Purchase Of PPE": -1091733000000.0,
        "Operating Cash Flow": 132517903000000.0,
        "Cash Flowsfromusedin Operating Activities Direct": 132517903000000.0,
        "Classesof Cash Payments": -342347161000000.0,
        "Other Cash Paymentsfrom Operating Activities": -74125027000000.0,
        "Paymentson Behalfof Employees": -20937375000000.0,
        "Classesof Cash Receiptsfrom Operating Activities": 474865064000000.0,
        "Other Cash Receiptsfrom Operating Activities": 4867868000000.0
      },
      "2021-12-31 00:00:00": {
        "Free Cash Flow": 67874630000000.0,
        "Capital Expenditure": -1015514000000.0,
        "End Cash Position": 165330266000000.0,
        "Beginning Cash Position": 98771241000000.0,
        "Changes In Cash": 66559025000000.0,
        "Financing Cash Flow": -1353760000000.0,
        "Net Other Financing Charges": null,
        "Cash Dividends Paid": -1353760000000.0,
        "Common Stock Dividend Paid": -1353760000000.0,
        "Net Common Stock Issuance": 0.0,
        "Investing Cash Flow": -977359000000.0,
        "Net Other Investing Changes": -4944000000.0,
        "Dividends Received Cfi": 88441000000.0,
        "Net Investment Purchase And Sale": -53725000000.0,
        "Sale Of Investment": null,
        "Purchase Of Investment": -53725000000.0,
        "Net Business Purchase And Sale": null,
        "Sale Of Business": null,
        "Net PPE Purchase And Sale": -1007131000000.0,
        "Sale Of PPE": 8383000000.0,
        "Purchase Of PPE": -1015514000000.0,
        "Operating Cash Flow": 68890144000000.0,
        "Cash Flowsfromusedin Operating Activities Direct": 68890144000000.0,
        "Classesof Cash Payments": -294952892000000.0,
        "Other Cash Paymentsfrom Operating Activities": -53456213000000.0,
        "Paymentson Behalfof Employees": -17575802000000.0,
        "Classesof Cash Receiptsfrom Operating Activities": 363843036000000.0,
        "Other Cash Receiptsfrom Operating Activities": 5550216000000.0
      }
    }
  },
  "metrics": {
    "symbol": "BID.VN",
    "timestamp": "2026-01-09T18:25:11.929966",
    "pe_ratio": 16.061357,
    "pb_ratio": 1.9891328,
    "dividend_yield": 1.05,
    "beta": 0.823,
    "eps": 2867.13,
    "roe": 0.17548999,
    "roa": 0.00952,
    "debt_to_equity": null,
    "current_ratio": null,
    "quick_ratio": null,
    "profit_margin": 0.4133,
    "operating_margin": 0.50732,
    "free_cashflow": null,
    "52_week_high": 46050.0,
    "52_week_low": 31200.0,
    "revenue": 63775914852352,
    "gross_profit": 63775914852352,
    "operating_income": -154402866331648
  },
  "dividends": {
    "symbol": "BID.VN",
    "timestamp": "2026-01-09T18:25:12.061143",
    "total_records": 1,
    "dividends": [
      {
        "date": "2025-10-14T00:00:00+07:00",
        "amount": 450.0
      }
    ]
  },
  "splits": {
    "symbol": "BID.VN",
    "timestamp": "2026-01-09T18:25:12.198587",
    "total_records": 2,
    "splits": [
      {
        "date": "2023-11-28T00:00:00+07:00",
        "ratio": 1.1269
      },
      {
        "date": "2024-12-23T00:00:00+07:00",
        "ratio": 1.21
      }
    ]
  }
}