{
  "symbol": "TCB.VN",
  "timestamp": "2026-01-09T18:25:44.729797",
  "quarterly": {
    "symbol": "TCB.VN",
    "timestamp": "2026-01-09T18:25:45.022318",
    "quarterly_financials": {
      "2025-06-30 00:00:00": {
        "Tax Effect Of Unusual Items": 0.0,
        "Tax Rate For Calcs": 0.196361,
        "Total Unusual Items": null,
        "Total Unusual Items Excluding Goodwill": null,
        "Net Income From Continuing Operation Net Minority Interest": 6247364000000.0,
        "Reconciled Depreciation": null,
        "Net Interest Income": 9137076000000.0,
        "Interest Expense": 7166531000000.0,
        "Interest Income": 16303607000000.0,
        "Normalized Income": 6247364000000.0,
        "Net Income From Continuing And Discontinued Operation": 6247364000000.0,
        "Diluted Average Shares": 7064851739.0,
        "Basic Average Shares": 7064851739.0,
        "Diluted EPS": 884.288055,
        "Basic EPS": 884.288055,
        "Diluted NI Availto Com Stockholders": 6247364000000.0,
        "Net Income Common Stockholders": 6247364000000.0,
        "Net Income": 6247364000000.0,
        "Minority Interests": -100246000000.0,
        "Net Income Including Noncontrolling Interests": 6347610000000.0,
        "Net Income Continuous Operations": 6347610000000.0,
        "Tax Provision": 1550978000000.0,
        "Pretax Income": 7898588000000.0,
        "Gain On Sale Of Security": 599870000000.0,
        "Operating Expense": 5140286000000.0,
        "Other Operating Expenses": 5140286000000.0,
        "Depreciation And Amortization In Income Statement": null,
        "Depreciation Income Statement": null,
        "Selling General And Administration": null,
        "Selling And Marketing Expense": null,
        "General And Administrative Expense": null,
        "Insurance And Claims": null,
        "Rent And Landing Fees": null,
        "Total Revenue": 14052624000000.0,
        "Operating Revenue": 14052624000000.0
      },
      "2025-03-31 00:00:00": {
        "Tax Effect Of Unusual Items": 0.0,
        "Tax Rate For Calcs": 0.168972,
        "Total Unusual Items": null,
        "Total Unusual Items Excluding Goodwill": null,
        "Net Income From Continuing Operation Net Minority Interest": 5947960000000.0,
        "Reconciled Depreciation": 446494000000.0,
        "Net Interest Income": 8305393000000.0,
        "Interest Expense": 6644631000000.0,
        "Interest Income": 14950024000000.0,
        "Normalized Income": 5947960000000.0,
        "Net Income From Continuing And Discontinued Operation": 5947960000000.0,
        "Diluted Average Shares": 7064851739.0,
        "Basic Average Shares": 7064851739.0,
        "Diluted EPS": 841.90868,
        "Basic EPS": 841.90868,
        "Diluted NI Availto Com Stockholders": 5947960000000.0,
        "Net Income Common Stockholders": 5947960000000.0,
        "Net Income": 5947960000000.0,
        "Minority Interests": -65551000000.0,
        "Net Income Including Noncontrolling Interests": 6013511000000.0,
        "Net Income Continuous Operations": 6013511000000.0,
        "Tax Provision": 1222717000000.0,
        "Pretax Income": 7236228000000.0,
        "Gain On Sale Of Security": null,
        "Operating Expense": 3343996000000.0,
        "Other Operating Expenses": 781309000000.0,
        "Depreciation And Amortization In Income Statement": 446494000000.0,
        "Depreciation Income Statement": 446494000000.0,
        "Selling General And Administration": 238824000000.0,
        "Selling And Marketing Expense": 238824000000.0,
        "General And Administrative Expense": null,
        "Insurance And Claims": 151262000000.0,
        "Rent And Landing Fees": 196125000000.0,
        "Total Revenue": 11383471000000.0,
        "Operating Revenue": 11383471000000.0
      },
      "2024-12-31 00:00:00": {
        "Tax Effect Of Unusual Items": 0.0,
        "Tax Rate For Calcs": 0.271702,
        "Total Unusual Items": -76277000000.0,
        "Total Unusual Items Excluding Goodwill": -76277000000.0,
        "Net Income From Continuing Operation Net Minority Interest": 3371065000000.0,
        "Reconciled Depreciation": 423447000000.0,
        "Net Interest Income": 8601817000000.0,
        "Interest Expense": 6463144000000.0,
        "Interest Income": 15064961000000.0,
        "Normalized Income": 3371065000000.0,
        "Net Income From Continuing And Discontinued Operation": 3371065000000.0,
        "Diluted Average Shares": 7064851739.0,
        "Basic Average Shares": 7064851739.0,
        "Diluted EPS": 477.160049,
        "Basic EPS": 477.160049,
        "Diluted NI Availto Com Stockholders": 3371065000000.0,
        "Net Income Common Stockholders": 3371065000000.0,
        "Net Income": 3371065000000.0,
        "Minority Interests": -49046000000.0,
        "Net Income Including Noncontrolling Interests": 3420111000000.0,
        "Net Income Continuous Operations": 3420111000000.0,
        "Tax Provision": 1275921000000.0,
        "Pretax Income": 4696032000000.0,
        "Gain On Sale Of Security": 249851000000.0,
        "Operating Expense": 8962571000000.0,
        "Other Operating Expenses": 8962571000000.0,
        "Depreciation And Amortization In Income Statement": 423447000000.0,
        "Depreciation Income Statement": 423447000000.0,
        "Selling General And Administration": 941401000000.0,
        "Selling And Marketing Expense": 764248000000.0,
        "General And Administrative Expense": 177153000000.0,
        "Insurance And Claims": 141763000000.0,
        "Rent And Landing Fees": 642171000000.0,
        "Total Revenue": 13776447000000.0,
        "Operating Revenue": 13776447000000.0
      },
      "2024-09-30 00:00:00": {
        "Tax Effect Of Unusual Items": 0.0,
        "Tax Rate For Calcs": 0.196994,
        "Total Unusual Items": null,
        "Total Unusual Items Excluding Goodwill": null,
        "Net Income From Continuing Operation Net Minority Interest": 5737505000000.0,
        "Reconciled Depreciation": null,
        "Net Interest Income": 8928676000000.0,
        "Interest Expense": 6239606000000.0,
        "Interest Income": 15168282000000.0,
        "Normalized Income": 5737505000000.0,
        "Net Income From Continuing And Discontinued Operation": 5737505000000.0,
        "Diluted Average Shares": 7045021622.0,
        "Basic Average Shares": 7045021622.0,
        "Diluted EPS": 814.405591,
        "Basic EPS": 814.405591,
        "Diluted NI Availto Com Stockholders": 5737505000000.0,
        "Net Income Common Stockholders": 5737505000000.0,
        "Net Income": 5737505000000.0,
        "Minority Interests": -55517000000.0,
        "Net Income Including Noncontrolling Interests": 5793022000000.0,
        "Net Income Continuous Operations": 5793022000000.0,
        "Tax Provision": 1421146000000.0,
        "Pretax Income": 7214168000000.0,
        "Gain On Sale Of Security": 389242000000.0,
        "Operating Expense": 4994508000000.0,
        "Other Operating Expenses": 4994508000000.0,
        "Depreciation And Amortization In Income Statement": null,
        "Depreciation Income Statement": null,
        "Selling General And Administration": null,
        "Selling And Marketing Expense": null,
        "General And Administrative Expense": null,
        "Insurance And Claims": null,
        "Rent And Landing Fees": null,
        "Total Revenue": 13317941000000.0,
        "Operating Revenue": 13317941000000.0
      },
      "2024-06-30 00:00:00": {
        "Tax Effect Of Unusual Items": 0.0,
        "Tax Rate For Calcs": 0.198881,
        "Total Unusual Items": null,
        "Total Unusual Items Excluding Goodwill": null,
        "Net Income From Continuing Operation Net Minority Interest": 6193361000000.0,
        "Reconciled Depreciation": null,
        "Net Interest Income": 9477926000000.0,
        "Interest Expense": 5871055000000.0,
        "Interest Income": 15348981000000.0,
        "Normalized Income": 6193361000000.0,
        "Net Income From Continuing And Discontinued Operation": 6193361000000.0,
        "Diluted Average Shares": 7045021622.0,
        "Basic Average Shares": 7045021622.0,
        "Diluted EPS": 879.111709,
        "Basic EPS": 879.111709,
        "Diluted NI Availto Com Stockholders": 6193361000000.0,
        "Net Income Common Stockholders": 6193361000000.0,
        "Net Income": 6193361000000.0,
        "Minority Interests": -76607000000.0,
        "Net Income Including Noncontrolling Interests": 6269968000000.0,
        "Net Income Continuous Operations": 6269968000000.0,
        "Tax Provision": 1556541000000.0,
        "Pretax Income": 7826509000000.0,
        "Gain On Sale Of Security": 646934000000.0,
        "Operating Expense": 5655960000000.0,
        "Other Operating Expenses": 5655960000000.0,
        "Depreciation And Amortization In Income Statement": null,
        "Depreciation Income Statement": null,
        "Selling General And Administration": null,
        "Selling And Marketing Expense": null,
        "General And Administrative Expense": null,
        "Insurance And Claims": null,
        "Rent And Landing Fees": null,
        "Total Revenue": 15126682000000.0,
        "Operating Revenue": 15126682000000.0
      }
    },
    "quarterly_balance_sheet": {
      "2025-06-30 00:00:00": {
        "Treasury Shares Number": null,
        "Ordinary Shares Number": 7064851739.0,
        "Share Issued": 7064851739.0,
        "Net Debt": 93555142000000.0,
        "Total Debt": 219594109000000.0,
        "Tangible Book Value": 151674480000000.0,
        "Invested Capital": 377208119000000.0,
        "Net Tangible Assets": 151674480000000.0,
        "Common Stock Equity": 157614010000000.0,
        "Total Capitalization": 377208119000000.0,
        "Total Equity Gross Minority Interest": 161827229000000.0,
        "Minority Interest": 4213219000000.0,
        "Stockholders Equity": 157614010000000.0,
        "Retained Earnings": 54414630000000.0,
        "Additional Paid In Capital": 7764027000000.0,
        "Capital Stock": 70648517000000.0,
        "Common Stock": 70648517000000.0,
        "Total Liabilities Net Minority Interest": 875818166000000.0,
        "Derivative Product Liabilities": 1092859000000.0,
        "Long Term Debt And Capital Lease Obligation": 219594109000000.0,
        "Payables": 14197455000000.0,
        "Other Payable": 4485005000000.0,
        "Dividends Payable": null,
        "Total Tax Payable": 2248359000000.0,
        "Accounts Payable": 7464091000000.0,
        "Total Assets": 1037645395000000.0,
        "Investments And Advances": 154225290000000.0,
        "Investmentin Financial Assets": 151167484000000.0,
        "Held To Maturity Securities": 5359500000000.0,
        "Available For Sale Securities": 141626097000000.0,
        "Trading Securities": 4138394000000.0,
        "Long Term Equity Investment": 3057806000000.0,
        "Investments In Other Ventures Under Equity Method": 3057806000000.0,
        "Goodwill And Other Intangible Assets": 5939530000000.0,
        "Other Intangible Assets": 5918795000000.0,
        "Goodwill": 20735000000.0,
        "Net PPE": 17507331000000.0,
        "Accumulated Depreciation": -2839439000000.0,
        "Gross PPE": 20346770000000.0,
        "Construction In Progress": 11233234000000.0,
        "Other Properties": 331010000000.0,
        "Machinery Furniture Equipment": 3499574000000.0,
        "Buildings And Improvements": 5282952000000.0,
        "Prepaid Assets": 2502876000000.0,
        "Receivables": 20688720000000.0,
        "Taxes Receivable": 1160000000.0,
        "Cash And Cash Equivalents": 126038967000000.0,
        "Cash Financial": 3666435000000.0,
        "Cash Cash Equivalents And Federal Funds Sold": 126038967000000.0
      },
      "2025-03-31 00:00:00": {
        "Treasury Shares Number": null,
        "Ordinary Shares Number": 7064851739.0,
        "Share Issued": 7064851739.0,
        "Net Debt": 63412252000000.0,
        "Total Debt": 204205006000000.0,
        "Tangible Book Value": 145676924000000.0,
        "Invested Capital": 355571654000000.0,
        "Net Tangible Assets": 145676924000000.0,
        "Common Stock Equity": 151366648000000.0,
        "Total Capitalization": 355571654000000.0,
        "Total Equity Gross Minority Interest": 153952665000000.0,
        "Minority Interest": 2586017000000.0,
        "Stockholders Equity": 151366648000000.0,
        "Retained Earnings": 48167266000000.0,
        "Additional Paid In Capital": 7764027000000.0,
        "Capital Stock": 70648517000000.0,
        "Common Stock": 70648517000000.0,
        "Total Liabilities Net Minority Interest": 835263328000000.0,
        "Derivative Product Liabilities": 688536000000.0,
        "Long Term Debt And Capital Lease Obligation": 204205006000000.0,
        "Payables": 14015308000000.0,
        "Other Payable": 4532215000000.0,
        "Dividends Payable": null,
        "Total Tax Payable": 1556982000000.0,
        "Accounts Payable": 7926111000000.0,
        "Total Assets": 989215993000000.0,
        "Investments And Advances": 129815425000000.0,
        "Investmentin Financial Assets": 126712902000000.0,
        "Held To Maturity Securities": 6859500000000.0,
        "Available For Sale Securities": 117519156000000.0,
        "Trading Securities": 2280383000000.0,
        "Long Term Equity Investment": 3102523000000.0,
        "Investments In Other Ventures Under Equity Method": 3102523000000.0,
        "Goodwill And Other Intangible Assets": 5689724000000.0,
        "Other Intangible Assets": 5689724000000.0,
        "Goodwill": null,
        "Net PPE": 17697854000000.0,
        "Accumulated Depreciation": -2681730000000.0,
        "Gross PPE": 20379584000000.0,
        "Construction In Progress": 11267907000000.0,
        "Other Properties": 320651000000.0,
        "Machinery Furniture Equipment": 3499035000000.0,
        "Buildings And Improvements": 5291991000000.0,
        "Prepaid Assets": 2585281000000.0,
        "Receivables": 35953008000000.0,
        "Taxes Receivable": 1351000000.0,
        "Cash And Cash Equivalents": 140792754000000.0,
        "Cash Financial": 3789947000000.0,
        "Cash Cash Equivalents And Federal Funds Sold": 140792754000000.0
      },
      "2024-12-31 00:00:00": {
        "Treasury Shares Number": null,
        "Ordinary Shares Number": 7064851739.0,
        "Share Issued": 7064851739.0,
        "Net Debt": 68580570000000.0,
        "Total Debt": 203109415000000.0,
        "Tangible Book Value": 139528969000000.0,
        "Invested Capital": 348528570000000.0,
        "Net Tangible Assets": 139528969000000.0,
        "Common Stock Equity": 145419155000000.0,
        "Total Capitalization": 348528570000000.0,
        "Total Equity Gross Minority Interest": 147939621000000.0,
        "Minority Interest": 2520466000000.0,
        "Stockholders Equity": 145419155000000.0,
        "Retained Earnings": 42219306000000.0,
        "Additional Paid In Capital": 7764027000000.0,
        "Capital Stock": 70648517000000.0,
        "Common Stock": 70648517000000.0,
        "Total Liabilities Net Minority Interest": 830858928000000.0,
        "Derivative Product Liabilities": 931231000000.0,
        "Long Term Debt And Capital Lease Obligation": 203109415000000.0,
        "Payables": 17647032000000.0,
        "Other Payable": 4701785000000.0,
        "Dividends Payable": null,
        "Total Tax Payable": 5663680000000.0,
        "Accounts Payable": 7281567000000.0,
        "Total Assets": 978798549000000.0,
        "Investments And Advances": 160868431000000.0,
        "Investmentin Financial Assets": 157765908000000.0,
        "Held To Maturity Securities": 6900000000000.0,
        "Available For Sale Securities": 141723636000000.0,
        "Trading Securities": 9000644000000.0,
        "Long Term Equity Investment": 3102523000000.0,
        "Investments In Other Ventures Under Equity Method": 3102523000000.0,
        "Goodwill And Other Intangible Assets": 5890186000000.0,
        "Other Intangible Assets": 5890186000000.0,
        "Goodwill": null,
        "Net PPE": 17537811000000.0,
        "Accumulated Depreciation": -2503916000000.0,
        "Gross PPE": 20041727000000.0,
        "Construction In Progress": 10961112000000.0,
        "Other Properties": 320651000000.0,
        "Machinery Furniture Equipment": 3467973000000.0,
        "Buildings And Improvements": 5291991000000.0,
        "Prepaid Assets": 2583289000000.0,
        "Receivables": 27383090000000.0,
        "Taxes Receivable": 1467000000.0,
        "Cash And Cash Equivalents": 134528845000000.0,
        "Cash Financial": 3384770000000.0,
        "Cash Cash Equivalents And Federal Funds Sold": 134528845000000.0
      },
      "2024-09-30 00:00:00": {
        "Treasury Shares Number": null,
        "Ordinary Shares Number": 7045021622.0,
        "Share Issued": 7045021622.0,
        "Net Debt": 69364619000000.0,
        "Total Debt": 196073265000000.0,
        "Tangible Book Value": 137152734000000.0,
        "Invested Capital": 339003802000000.0,
        "Net Tangible Assets": 137152734000000.0,
        "Common Stock Equity": 142930537000000.0,
        "Total Capitalization": 339003802000000.0,
        "Total Equity Gross Minority Interest": 144367982000000.0,
        "Minority Interest": 1437445000000.0,
        "Stockholders Equity": 142930537000000.0,
        "Retained Earnings": 51068780000000.0,
        "Additional Paid In Capital": 555997000000.0,
        "Capital Stock": 70450216000000.0,
        "Common Stock": 70450216000000.0,
        "Total Liabilities Net Minority Interest": 782685363000000.0,
        "Derivative Product Liabilities": null,
        "Long Term Debt And Capital Lease Obligation": 196073265000000.0,
        "Payables": 18906263000000.0,
        "Other Payable": 7093732000000.0,
        "Dividends Payable": null,
        "Total Tax Payable": 4502986000000.0,
        "Accounts Payable": 7309545000000.0,
        "Total Assets": 927053345000000.0,
        "Investments And Advances": 110291076000000.0,
        "Investmentin Financial Assets": 107243553000000.0,
        "Held To Maturity Securities": 5359500000000.0,
        "Available For Sale Securities": 96775736000000.0,
        "Trading Securities": 4524314000000.0,
        "Long Term Equity Investment": 3047523000000.0,
        "Investments In Other Ventures Under Equity Method": 3047523000000.0,
        "Goodwill And Other Intangible Assets": 5777803000000.0,
        "Other Intangible Assets": 5777803000000.0,
        "Goodwill": null,
        "Net PPE": 18428146000000.0,
        "Accumulated Depreciation": -2373835000000.0,
        "Gross PPE": 20801981000000.0,
        "Construction In Progress": 11453633000000.0,
        "Other Properties": 331568000000.0,
        "Machinery Furniture Equipment": 3310080000000.0,
        "Buildings And Improvements": 5706700000000.0,
        "Prepaid Assets": 2483244000000.0,
        "Receivables": 43940664000000.0,
        "Taxes Receivable": null,
        "Cash And Cash Equivalents": 126708646000000.0,
        "Cash Financial": 3608503000000.0,
        "Cash Cash Equivalents And Federal Funds Sold": 126708646000000.0
      },
      "2024-06-30 00:00:00": {
        "Treasury Shares Number": 0.0,
        "Ordinary Shares Number": 7045021622.0,
        "Share Issued": 7045021622.0,
        "Net Debt": 96959771000000.0,
        "Total Debt": 207655350000000.0,
        "Tangible Book Value": 131212261000000.0,
        "Invested Capital": 344825079000000.0,
        "Net Tangible Assets": 131212261000000.0,
        "Common Stock Equity": 137169729000000.0,
        "Total Capitalization": 344825079000000.0,
        "Total Equity Gross Minority Interest": 138551657000000.0,
        "Minority Interest": 1381928000000.0,
        "Stockholders Equity": 137169729000000.0,
        "Retained Earnings": 45331275000000.0,
        "Additional Paid In Capital": 555997000000.0,
        "Capital Stock": 70450216000000.0,
        "Common Stock": 70450216000000.0,
        "Total Liabilities Net Minority Interest": 769755043000000.0,
        "Derivative Product Liabilities": null,
        "Long Term Debt And Capital Lease Obligation": 207655350000000.0,
        "Payables": 17354888000000.0,
        "Other Payable": 7005281000000.0,
        "Dividends Payable": 71322000000.0,
        "Total Tax Payable": 3265235000000.0,
        "Accounts Payable": 7013050000000.0,
        "Total Assets": 908306700000000.0,
        "Investments And Advances": 121358024000000.0,
        "Investmentin Financial Assets": 118310501000000.0,
        "Held To Maturity Securities": null,
        "Available For Sale Securities": 113677245000000.0,
        "Trading Securities": 4142658000000.0,
        "Long Term Equity Investment": 3047523000000.0,
        "Investments In Other Ventures Under Equity Method": 3047523000000.0,
        "Goodwill And Other Intangible Assets": 5957468000000.0,
        "Other Intangible Assets": 5957468000000.0,
        "Goodwill": null,
        "Net PPE": 18637165000000.0,
        "Accumulated Depreciation": -2254336000000.0,
        "Gross PPE": 20891501000000.0,
        "Construction In Progress": 14967753000000.0,
        "Other Properties": 343082000000.0,
        "Machinery Furniture Equipment": 3370359000000.0,
        "Buildings And Improvements": 2210307000000.0,
        "Prepaid Assets": 5335990000000.0,
        "Receivables": 57272316000000.0,
        "Taxes Receivable": null,
        "Cash And Cash Equivalents": 110695579000000.0,
        "Cash Financial": 3638265000000.0,
        "Cash Cash Equivalents And Federal Funds Sold": 110695579000000.0
      }
    },
    "quarterly_cash_flow": {
      "2025-06-30 00:00:00": {
        "Free Cash Flow": -8045040000000.0,
        "Capital Expenditure": -273828000000.0,
        "End Cash Position": 129788389000000.0,
        "Beginning Cash Position": 136433981000000.0,
        "Effect Of Exchange Rate Changes": 0.0,
        "Changes In Cash": -6645592000000.0,
        "Financing Cash Flow": null,
        "Net Other Financing Charges": null,
        "Cash Dividends Paid": null,
        "Common Stock Dividend Paid": null,
        "Investing Cash Flow": -251094000000.0,
        "Dividends Received Cfi": 31518000000.0,
        "Net Investment Properties Purchase And Sale": 0.0,
        "Sale Of Investment Properties": 0.0,
        "Net Business Purchase And Sale": null,
        "Purchase Of Business": null,
        "Net PPE Purchase And Sale": -272329000000.0,
        "Sale Of PPE": 1499000000.0,
        "Purchase Of PPE": -273828000000.0,
        "Operating Cash Flow": -7771212000000.0,
        "Cash Flowsfromusedin Operating Activities Direct": -7771212000000.0,
        "Classesof Cash Payments": -55192660000000.0,
        "Other Cash Paymentsfrom Operating Activities": 513842000000.0,
        "Paymentson Behalfof Employees": -3160841000000.0,
        "Classesof Cash Receiptsfrom Operating Activities": 47421448000000.0,
        "Other Cash Receiptsfrom Operating Activities": 4051500000000.0
      },
      "2025-03-31 00:00:00": {
        "Free Cash Flow": -11050822000000.0,
        "Capital Expenditure": -35546000000.0,
        "End Cash Position": 136433981000000.0,
        "Beginning Cash Position": 147484415000000.0,
        "Effect Of Exchange Rate Changes": 0.0,
        "Changes In Cash": -11050434000000.0,
        "Financing Cash Flow": null,
        "Net Other Financing Charges": null,
        "Cash Dividends Paid": null,
        "Common Stock Dividend Paid": null,
        "Investing Cash Flow": -35158000000.0,
        "Dividends Received Cfi": 43000000.0,
        "Net Investment Properties Purchase And Sale": 0.0,
        "Sale Of Investment Properties": 0.0,
        "Net Business Purchase And Sale": null,
        "Purchase Of Business": null,
        "Net PPE Purchase And Sale": -35201000000.0,
        "Sale Of PPE": 345000000.0,
        "Purchase Of PPE": -35546000000.0,
        "Operating Cash Flow": -11015276000000.0,
        "Cash Flowsfromusedin Operating Activities Direct": -11015276000000.0,
        "Classesof Cash Payments": -54180212000000.0,
        "Other Cash Paymentsfrom Operating Activities": -3992657000000.0,
        "Paymentson Behalfof Employees": -4603082000000.0,
        "Classesof Cash Receiptsfrom Operating Activities": 43164936000000.0,
        "Other Cash Receiptsfrom Operating Activities": 2550552000000.0
      },
      "2024-12-31 00:00:00": {
        "Free Cash Flow": 22731746000000.0,
        "Capital Expenditure": -2301921000000.0,
        "End Cash Position": 147484415000000.0,
        "Beginning Cash Position": 123109810000000.0,
        "Effect Of Exchange Rate Changes": null,
        "Changes In Cash": 24385099000000.0,
        "Financing Cash Flow": 198242000000.0,
        "Net Other Financing Charges": 0.0,
        "Cash Dividends Paid": 0.0,
        "Common Stock Dividend Paid": 0.0,
        "Investing Cash Flow": -846810000000.0,
        "Dividends Received Cfi": 67000000.0,
        "Net Investment Properties Purchase And Sale": null,
        "Sale Of Investment Properties": null,
        "Net Business Purchase And Sale": 681219000000.0,
        "Purchase Of Business": -55000000000.0,
        "Net PPE Purchase And Sale": -791877000000.0,
        "Sale Of PPE": 1510044000000.0,
        "Purchase Of PPE": -2301921000000.0,
        "Operating Cash Flow": 25033667000000.0,
        "Cash Flowsfromusedin Operating Activities Direct": 25033667000000.0,
        "Classesof Cash Payments": -55619901000000.0,
        "Other Cash Paymentsfrom Operating Activities": -36901572000000.0,
        "Paymentson Behalfof Employees": -2667704000000.0,
        "Classesof Cash Receiptsfrom Operating Activities": 80653568000000.0,
        "Other Cash Receiptsfrom Operating Activities": 7375009000000.0
      },
      "2024-09-30 00:00:00": {
        "Free Cash Flow": -1971772000000.0,
        "Capital Expenditure": -286451000000.0,
        "End Cash Position": 123109810000000.0,
        "Beginning Cash Position": 124891909000000.0,
        "Effect Of Exchange Rate Changes": 23693000000.0,
        "Changes In Cash": -1805792000000.0,
        "Financing Cash Flow": -70238000000.0,
        "Net Other Financing Charges": 0.0,
        "Cash Dividends Paid": null,
        "Common Stock Dividend Paid": null,
        "Investing Cash Flow": -50233000000.0,
        "Dividends Received Cfi": 6406000000.0,
        "Net Investment Properties Purchase And Sale": 0.0,
        "Sale Of Investment Properties": 0.0,
        "Net Business Purchase And Sale": 0.0,
        "Purchase Of Business": 0.0,
        "Net PPE Purchase And Sale": -56639000000.0,
        "Sale Of PPE": 229812000000.0,
        "Purchase Of PPE": -286451000000.0,
        "Operating Cash Flow": -1685321000000.0,
        "Cash Flowsfromusedin Operating Activities Direct": -1685321000000.0,
        "Classesof Cash Payments": -56932571000000.0,
        "Other Cash Paymentsfrom Operating Activities": 2039503000000.0,
        "Paymentson Behalfof Employees": -1919821000000.0,
        "Classesof Cash Receiptsfrom Operating Activities": 55247250000000.0,
        "Other Cash Receiptsfrom Operating Activities": 17314845000000.0
      },
      "2024-06-30 00:00:00": {
        "Free Cash Flow": 5784684000000.0,
        "Capital Expenditure": -200950000000.0,
        "End Cash Position": 124891909000000.0,
        "Beginning Cash Position": 124179846000000.0,
        "Effect Of Exchange Rate Changes": 6934000000.0,
        "Changes In Cash": 705129000000.0,
        "Financing Cash Flow": -5137764000000.0,
        "Net Other Financing Charges": null,
        "Cash Dividends Paid": null,
        "Common Stock Dividend Paid": null,
        "Investing Cash Flow": -142741000000.0,
        "Dividends Received Cfi": 58051000000.0,
        "Net Investment Properties Purchase And Sale": 0.0,
        "Sale Of Investment Properties": 0.0,
        "Net Business Purchase And Sale": null,
        "Purchase Of Business": null,
        "Net PPE Purchase And Sale": -199514000000.0,
        "Sale Of PPE": 1436000000.0,
        "Purchase Of PPE": -200950000000.0,
        "Operating Cash Flow": 5985634000000.0,
        "Cash Flowsfromusedin Operating Activities Direct": 5985634000000.0,
        "Classesof Cash Payments": -44262219000000.0,
        "Other Cash Paymentsfrom Operating Activities": -3483064000000.0,
        "Paymentson Behalfof Employees": -2245096000000.0,
        "Classesof Cash Receiptsfrom Operating Activities": 50247853000000.0,
        "Other Cash Receiptsfrom Operating Activities": 2215350000000.0
      }
    }
  },
  "annual": {
    "symbol": "TCB.VN",
    "timestamp": "2026-01-09T18:25:45.483601",
    "annual_financials": {
      "2024-12-31 00:00:00": {
        "Tax Effect Of Unusual Items": -16004893359.25789,
        "Tax Rate For Calcs": 0.209826,
        "Total Unusual Items": -76277000000.0,
        "Total Unusual Items Excluding Goodwill": -76277000000.0,
        "Net Income From Continuing Operation Net Minority Interest": 21522928000000.0,
        "Reconciled Depreciation": 1581263000000.0,
        "Net Interest Income": 35507963000000.0,
        "Interest Expense": 24581499000000.0,
        "Interest Income": 60089462000000.0,
        "Normalized Income": 21583200106640.742,
        "Net Income From Continuing And Discontinued Operation": 21522928000000.0,
        "Diluted Average Shares": 7046592861.0,
        "Basic Average Shares": 7046592861.0,
        "Diluted EPS": 3049.0,
        "Basic EPS": 3049.0,
        "Diluted NI Availto Com Stockholders": 21486928000000.0,
        "Net Income Common Stockholders": 21486928000000.0,
        "Otherunder Preferred Stock Dividend": 36000000000.0,
        "Net Income": 21522928000000.0,
        "Minority Interests": -237176000000.0,
        "Net Income Including Noncontrolling Interests": 21760104000000.0,
        "Net Income Continuous Operations": 21760104000000.0,
        "Tax Provision": 5778264000000.0,
        "Pretax Income": 27538368000000.0,
        "Special Income Charges": -76277000000.0,
        "Other Special Charges": 76277000000.0,
        "Operating Expense": 17107439000000.0,
        "Other Operating Expenses": 4854526000000.0,
        "Depreciation And Amortization In Income Statement": 1581263000000.0,
        "Depreciation Income Statement": 1581263000000.0,
        "Selling General And Administration": 2183765000000.0,
        "Selling And Marketing Expense": 1792640000000.0,
        "General And Administrative Expense": 391125000000.0,
        "Insurance And Claims": 528077000000.0,
        "Rent And Landing Fees": 1065789000000.0,
        "Total Revenue": 47666178000000.0,
        "Operating Revenue": 47666178000000.0
      },
      "2023-12-31 00:00:00": {
        "Tax Effect Of Unusual Items": 150029021502.84418,
        "Tax Rate For Calcs": 0.20523,
        "Total Unusual Items": 731027000000.0,
        "Total Unusual Items Excluding Goodwill": 731027000000.0,
        "Net Income From Continuing Operation Net Minority Interest": 18003802000000.0,
        "Reconciled Depreciation": 1215940000000.0,
        "Net Interest Income": 27691120000000.0,
        "Interest Expense": 29016639000000.0,
        "Interest Income": 56707759000000.0,
        "Normalized Income": 17422804021502.844,
        "Net Income From Continuing And Discontinued Operation": 18003802000000.0,
        "Diluted Average Shares": 7045021622.0,
        "Basic Average Shares": 7045021622.0,
        "Diluted EPS": 2549.0,
        "Basic EPS": 2549.0,
        "Diluted NI Availto Com Stockholders": 17955802000000.0,
        "Net Income Common Stockholders": 17955802000000.0,
        "Otherunder Preferred Stock Dividend": 48000000000.0,
        "Net Income": 18003802000000.0,
        "Minority Interests": -187064000000.0,
        "Net Income Including Noncontrolling Interests": 18190866000000.0,
        "Net Income Continuous Operations": 18190866000000.0,
        "Tax Provision": 4697362000000.0,
        "Pretax Income": 22888228000000.0,
        "Special Income Charges": 0.0,
        "Other Special Charges": null,
        "Operating Expense": 13897189000000.0,
        "Other Operating Expenses": 3372572000000.0,
        "Depreciation And Amortization In Income Statement": 1215940000000.0,
        "Depreciation Income Statement": 1215940000000.0,
        "Selling General And Administration": 1328932000000.0,
        "Selling And Marketing Expense": 1164898000000.0,
        "General And Administrative Expense": 164034000000.0,
        "Insurance And Claims": 422573000000.0,
        "Rent And Landing Fees": 983603000000.0,
        "Total Revenue": 39874695000000.0,
        "Operating Revenue": 39874695000000.0
      },
      "2022-12-31 00:00:00": {
        "Tax Effect Of Unusual Items": 0.0,
        "Tax Rate For Calcs": 0.200696,
        "Total Unusual Items": 0.0,
        "Total Unusual Items Excluding Goodwill": 0.0,
        "Net Income From Continuing Operation Net Minority Interest": 20150377000000.0,
        "Reconciled Depreciation": 757167000000.0,
        "Net Interest Income": 30289775000000.0,
        "Interest Expense": 14462861000000.0,
        "Interest Income": 44752636000000.0,
        "Normalized Income": 20150377000000.0,
        "Net Income From Continuing And Discontinued Operation": 20150377000000.0,
        "Diluted Average Shares": 7026056956.0,
        "Basic Average Shares": 7026056956.0,
        "Diluted EPS": 2862.5,
        "Basic EPS": 2862.5,
        "Diluted NI Availto Com Stockholders": 20111877000000.0,
        "Net Income Common Stockholders": 20111877000000.0,
        "Otherunder Preferred Stock Dividend": 38500000000.0,
        "Net Income": 20150377000000.0,
        "Minority Interests": -286049000000.0,
        "Net Income Including Noncontrolling Interests": 20436426000000.0,
        "Net Income Continuous Operations": 20436426000000.0,
        "Tax Provision": 5131342000000.0,
        "Pretax Income": 25567768000000.0,
        "Special Income Charges": null,
        "Other Special Charges": null,
        "Operating Expense": 13267996000000.0,
        "Other Operating Expenses": 2579868000000.0,
        "Depreciation And Amortization In Income Statement": 757167000000.0,
        "Depreciation Income Statement": 757167000000.0,
        "Selling General And Administration": 2045544000000.0,
        "Selling And Marketing Expense": 1638423000000.0,
        "General And Administrative Expense": 407121000000.0,
        "Insurance And Claims": 347127000000.0,
        "Rent And Landing Fees": 1022805000000.0,
        "Total Revenue": 39461005000000.0,
        "Operating Revenue": 39461005000000.0
      },
      "2021-12-31 00:00:00": {
        "Tax Effect Of Unusual Items": 0.0,
        "Tax Rate For Calcs": 0.207542,
        "Total Unusual Items": null,
        "Total Unusual Items Excluding Goodwill": null,
        "Net Income From Continuing Operation Net Minority Interest": 18052250000000.0,
        "Reconciled Depreciation": 608149000000.0,
        "Net Interest Income": 26698613000000.0,
        "Interest Expense": 8804638000000.0,
        "Interest Income": 35503251000000.0,
        "Normalized Income": 18052250000000.0,
        "Net Income From Continuing And Discontinued Operation": 18052250000000.0,
        "Diluted Average Shares": 7013104826.0,
        "Basic Average Shares": 7013104826.0,
        "Diluted EPS": 2568.5,
        "Basic EPS": 2568.5,
        "Diluted NI Availto Com Stockholders": 18014250000000.0,
        "Net Income Common Stockholders": 18014250000000.0,
        "Otherunder Preferred Stock Dividend": 38000000000.0,
        "Net Income": 18052250000000.0,
        "Minority Interests": -363132000000.0,
        "Net Income Including Noncontrolling Interests": 18415382000000.0,
        "Net Income Continuous Operations": 18415382000000.0,
        "Tax Provision": 4822911000000.0,
        "Pretax Income": 23238293000000.0,
        "Special Income Charges": null,
        "Other Special Charges": null,
        "Operating Expense": 11632190000000.0,
        "Other Operating Expenses": 2026571000000.0,
        "Depreciation And Amortization In Income Statement": 608149000000.0,
        "Depreciation Income Statement": 608149000000.0,
        "Selling General And Administration": 1605000000000.0,
        "Selling And Marketing Expense": 1234037000000.0,
        "General And Administrative Expense": 370963000000.0,
        "Insurance And Claims": 313727000000.0,
        "Rent And Landing Fees": 674970000000.0,
        "Total Revenue": 36413851000000.0,
        "Operating Revenue": 36413851000000.0
      }
    },
    "annual_balance_sheet": {
      "2024-12-31 00:00:00": {
        "Ordinary Shares Number": 7064851739.0,
        "Share Issued": 7064851739.0,
        "Net Debt": 68580570000000.0,
        "Total Debt": 203109415000000.0,
        "Tangible Book Value": 139528969000000.0,
        "Invested Capital": 348528570000000.0,
        "Net Tangible Assets": 139528969000000.0,
        "Common Stock Equity": 145419155000000.0,
        "Total Capitalization": 348528570000000.0,
        "Total Equity Gross Minority Interest": 147939621000000.0,
        "Minority Interest": 2520466000000.0,
        "Stockholders Equity": 145419155000000.0,
        "Retained Earnings": 42219306000000.0,
        "Additional Paid In Capital": 7764027000000.0,
        "Capital Stock": 70648517000000.0,
        "Common Stock": 70648517000000.0,
        "Total Liabilities Net Minority Interest": 830858928000000.0,
        "Derivative Product Liabilities": 931231000000.0,
        "Long Term Debt And Capital Lease Obligation": 203109415000000.0,
        "Payables": 17647032000000.0,
        "Other Payable": 4701785000000.0,
        "Total Tax Payable": 5663680000000.0,
        "Accounts Payable": 7281567000000.0,
        "Total Assets": 978798549000000.0,
        "Investments And Advances": 160868431000000.0,
        "Investmentin Financial Assets": 157765908000000.0,
        "Held To Maturity Securities": 6900000000000.0,
        "Available For Sale Securities": 141723636000000.0,
        "Trading Securities": 9000644000000.0,
        "Long Term Equity Investment": 3102523000000.0,
        "Investments In Other Ventures Under Equity Method": 3102523000000.0,
        "Investment Properties": null,
        "Goodwill And Other Intangible Assets": 5890186000000.0,
        "Other Intangible Assets": 5890186000000.0,
        "Net PPE": 17537811000000.0,
        "Accumulated Depreciation": -2503916000000.0,
        "Gross PPE": 20041727000000.0,
        "Construction In Progress": 10961112000000.0,
        "Other Properties": 320651000000.0,
        "Machinery Furniture Equipment": 3467973000000.0,
        "Buildings And Improvements": 5291991000000.0,
        "Prepaid Assets": 2583289000000.0,
        "Receivables": 27383090000000.0,
        "Taxes Receivable": 1467000000.0,
        "Cash And Cash Equivalents": 134528845000000.0,
        "Cash Equivalents": null,
        "Cash Financial": 3384770000000.0,
        "Cash Cash Equivalents And Federal Funds Sold": 134528845000000.0
      },
      "2023-12-31 00:00:00": {
        "Ordinary Shares Number": 7045021622.0,
        "Share Issued": 7045021622.0,
        "Net Debt": 78950146000000.0,
        "Total Debt": 191671246000000.0,
        "Tangible Book Value": 124934121000000.0,
        "Invested Capital": 321970478000000.0,
        "Net Tangible Assets": 124934121000000.0,
        "Common Stock Equity": 130299232000000.0,
        "Total Capitalization": 321970478000000.0,
        "Total Equity Gross Minority Interest": 131616065000000.0,
        "Minority Interest": 1316833000000.0,
        "Stockholders Equity": 130299232000000.0,
        "Retained Earnings": 49013144000000.0,
        "Additional Paid In Capital": 1032353000000.0,
        "Capital Stock": 35225108000000.0,
        "Common Stock": 35225108000000.0,
        "Total Liabilities Net Minority Interest": 717865947000000.0,
        "Derivative Product Liabilities": 0.0,
        "Long Term Debt And Capital Lease Obligation": 191671246000000.0,
        "Payables": 18661127000000.0,
        "Other Payable": 4964208000000.0,
        "Total Tax Payable": 4278169000000.0,
        "Accounts Payable": 9418750000000.0,
        "Total Assets": 849482012000000.0,
        "Investments And Advances": 112698612000000.0,
        "Investmentin Financial Assets": 109652367000000.0,
        "Held To Maturity Securities": 0.0,
        "Available For Sale Securities": 104993945000000.0,
        "Trading Securities": 4432778000000.0,
        "Long Term Equity Investment": 3046245000000.0,
        "Investments In Other Ventures Under Equity Method": 3046245000000.0,
        "Investment Properties": 0.0,
        "Goodwill And Other Intangible Assets": 5365111000000.0,
        "Other Intangible Assets": 5365111000000.0,
        "Net PPE": 18835375000000.0,
        "Accumulated Depreciation": -1964980000000.0,
        "Gross PPE": 20800355000000.0,
        "Construction In Progress": 15307789000000.0,
        "Other Properties": 345471000000.0,
        "Machinery Furniture Equipment": 3184207000000.0,
        "Buildings And Improvements": 1962888000000.0,
        "Prepaid Assets": 2333344000000.0,
        "Receivables": 70338416000000.0,
        "Taxes Receivable": 0.0,
        "Cash And Cash Equivalents": 112721100000000.0,
        "Cash Equivalents": null,
        "Cash Financial": 3620695000000.0,
        "Cash Cash Equivalents And Federal Funds Sold": 112721100000000.0
      },
      "2022-12-31 00:00:00": {
        "Ordinary Shares Number": 7034477028.0,
        "Share Issued": 7034477028.0,
        "Net Debt": 58483353000000.0,
        "Total Debt": 145548720000000.0,
        "Tangible Book Value": 107581481000000.0,
        "Invested Capital": 257844771000000.0,
        "Net Tangible Assets": 107581481000000.0,
        "Common Stock Equity": 112296051000000.0,
        "Total Capitalization": 257844771000000.0,
        "Total Equity Gross Minority Interest": 113424966000000.0,
        "Minority Interest": 1128915000000.0,
        "Stockholders Equity": 112296051000000.0,
        "Retained Earnings": 64482685000000.0,
        "Additional Paid In Capital": 1032412000000.0,
        "Capital Stock": 35172385000000.0,
        "Common Stock": 35172385000000.0,
        "Total Liabilities Net Minority Interest": 585607578000000.0,
        "Derivative Product Liabilities": 1851213000000.0,
        "Long Term Debt And Capital Lease Obligation": 145548720000000.0,
        "Payables": 14866095000000.0,
        "Other Payable": 4466271000000.0,
        "Total Tax Payable": 4255802000000.0,
        "Accounts Payable": 6144022000000.0,
        "Total Assets": 699032544000000.0,
        "Investments And Advances": 104733492000000.0,
        "Investmentin Financial Assets": 104720679000000.0,
        "Held To Maturity Securities": 0.0,
        "Available For Sale Securities": 103651920000000.0,
        "Trading Securities": 961034000000.0,
        "Long Term Equity Investment": 12813000000.0,
        "Investments In Other Ventures Under Equity Method": 12813000000.0,
        "Investment Properties": 1053124000000.0,
        "Goodwill And Other Intangible Assets": 4714570000000.0,
        "Other Intangible Assets": 4714570000000.0,
        "Net PPE": 16369150000000.0,
        "Accumulated Depreciation": -1459534000000.0,
        "Gross PPE": 17828684000000.0,
        "Construction In Progress": 12672338000000.0,
        "Other Properties": 292010000000.0,
        "Machinery Furniture Equipment": 2916009000000.0,
        "Buildings And Improvements": 1948327000000.0,
        "Prepaid Assets": 2519896000000.0,
        "Receivables": 61775960000000.0,
        "Taxes Receivable": 3612000000.0,
        "Cash And Cash Equivalents": 87065367000000.0,
        "Cash Equivalents": 0.0,
        "Cash Financial": 4215721000000.0,
        "Cash Cash Equivalents And Federal Funds Sold": 87065367000000.0
      },
      "2021-12-31 00:00:00": {
        "Ordinary Shares Number": 7021829596.0,
        "Share Issued": 7021829596.0,
        "Net Debt": 51645295000000.0,
        "Total Debt": 100532373000000.0,
        "Tangible Book Value": 88598825000000.0,
        "Invested Capital": 192726947000000.0,
        "Net Tangible Assets": 88598825000000.0,
        "Common Stock Equity": 92194574000000.0,
        "Total Capitalization": 192726947000000.0,
        "Total Equity Gross Minority Interest": 93041472000000.0,
        "Minority Interest": 846898000000.0,
        "Stockholders Equity": 92194574000000.0,
        "Retained Earnings": 47453056000000.0,
        "Additional Paid In Capital": 476474000000.0,
        "Capital Stock": 35109148000000.0,
        "Common Stock": 35109148000000.0,
        "Total Liabilities Net Minority Interest": 475687478000000.0,
        "Derivative Product Liabilities": 0.0,
        "Long Term Debt And Capital Lease Obligation": 100532373000000.0,
        "Payables": 11572586000000.0,
        "Other Payable": 7077372000000.0,
        "Total Tax Payable": 1373333000000.0,
        "Accounts Payable": 3121881000000.0,
        "Total Assets": 568728950000000.0,
        "Investments And Advances": 103096899000000.0,
        "Investmentin Financial Assets": 103084086000000.0,
        "Held To Maturity Securities": 8627000000.0,
        "Available For Sale Securities": 97577461000000.0,
        "Trading Securities": 5070812000000.0,
        "Long Term Equity Investment": 12813000000.0,
        "Investments In Other Ventures Under Equity Method": 12813000000.0,
        "Investment Properties": 1088924000000.0,
        "Goodwill And Other Intangible Assets": 3595749000000.0,
        "Other Intangible Assets": 3595749000000.0,
        "Net PPE": 5690493000000.0,
        "Accumulated Depreciation": -1195360000000.0,
        "Gross PPE": 6885853000000.0,
        "Construction In Progress": 2061761000000.0,
        "Other Properties": 311520000000.0,
        "Machinery Furniture Equipment": 2597138000000.0,
        "Buildings And Improvements": 1915434000000.0,
        "Prepaid Assets": 1853355000000.0,
        "Receivables": 36552365000000.0,
        "Taxes Receivable": 0.0,
        "Cash And Cash Equivalents": 48887078000000.0,
        "Cash Equivalents": 5435000000.0,
        "Cash Financial": 3573208000000.0,
        "Cash Cash Equivalents And Federal Funds Sold": 48887078000000.0
      }
    },
    "annual_cash_flow": {
      "2024-12-31 00:00:00": {
        "Free Cash Flow": 39507926000000.0,
        "Repurchase Of Capital Stock": null,
        "Repayment Of Debt": null,
        "Issuance Of Capital Stock": 198242000000.0,
        "Capital Expenditure": -2868629000000.0,
        "End Cash Position": 147484415000000.0,
        "Beginning Cash Position": 110500219000000.0,
        "Changes In Cash": 36984196000000.0,
        "Financing Cash Flow": -5009760000000.0,
        "Net Other Financing Charges": 2253000000.0,
        "Cash Dividends Paid": -5210255000000.0,
        "Common Stock Dividend Paid": -5210255000000.0,
        "Net Common Stock Issuance": 198242000000.0,
        "Common Stock Payments": null,
        "Common Stock Issuance": 198242000000.0,
        "Net Issuance Payments Of Debt": null,
        "Net Long Term Debt Issuance": null,
        "Long Term Debt Payments": null,
        "Investing Cash Flow": -382599000000.0,
        "Dividends Received Cfi": 64561000000.0,
        "Net Business Purchase And Sale": 679941000000.0,
        "Sale Of Business": 736219000000.0,
        "Purchase Of Business": -56278000000.0,
        "Net PPE Purchase And Sale": -1127101000000.0,
        "Sale Of PPE": 1741528000000.0,
        "Purchase Of PPE": -2868629000000.0,
        "Operating Cash Flow": 42376555000000.0,
        "Cash Flowsfromusedin Operating Activities Direct": 42376555000000.0,
        "Classesof Cash Payments": -214301084000000.0,
        "Other Cash Paymentsfrom Operating Activities": -39963818000000.0,
        "Paymentson Behalfof Employees": -10106171000000.0,
        "Classesof Cash Receiptsfrom Operating Activities": 256677639000000.0,
        "Other Cash Receiptsfrom Operating Activities": 37851827000000.0
      },
      "2023-12-31 00:00:00": {
        "Free Cash Flow": 10820894000000.0,
        "Repurchase Of Capital Stock": null,
        "Repayment Of Debt": 0.0,
        "Issuance Of Capital Stock": 52664000000.0,
        "Capital Expenditure": -1232393000000.0,
        "End Cash Position": 110500219000000.0,
        "Beginning Cash Position": 101305880000000.0,
        "Changes In Cash": 9194339000000.0,
        "Financing Cash Flow": 53518000000.0,
        "Net Other Financing Charges": 854000000.0,
        "Cash Dividends Paid": null,
        "Common Stock Dividend Paid": null,
        "Net Common Stock Issuance": 52664000000.0,
        "Common Stock Payments": null,
        "Common Stock Issuance": 52664000000.0,
        "Net Issuance Payments Of Debt": 0.0,
        "Net Long Term Debt Issuance": 0.0,
        "Long Term Debt Payments": 0.0,
        "Investing Cash Flow": -2912466000000.0,
        "Dividends Received Cfi": 34756000000.0,
        "Net Business Purchase And Sale": -1736985000000.0,
        "Sale Of Business": 1296447000000.0,
        "Purchase Of Business": -3033432000000.0,
        "Net PPE Purchase And Sale": -1210237000000.0,
        "Sale Of PPE": 22156000000.0,
        "Purchase Of PPE": -1232393000000.0,
        "Operating Cash Flow": 12053287000000.0,
        "Cash Flowsfromusedin Operating Activities Direct": 12053287000000.0,
        "Classesof Cash Payments": -201161721000000.0,
        "Other Cash Paymentsfrom Operating Activities": -35035821000000.0,
        "Paymentson Behalfof Employees": -10339365000000.0,
        "Classesof Cash Receiptsfrom Operating Activities": 213215008000000.0,
        "Other Cash Receiptsfrom Operating Activities": 2553121000000.0
      },
      "2022-12-31 00:00:00": {
        "Free Cash Flow": 54358339000000.0,
        "Repurchase Of Capital Stock": null,
        "Repayment Of Debt": -700000000000.0,
        "Issuance Of Capital Stock": 63178000000.0,
        "Capital Expenditure": -1110162000000.0,
        "End Cash Position": 101305880000000.0,
        "Beginning Cash Position": 47604230000000.0,
        "Changes In Cash": 53701650000000.0,
        "Financing Cash Flow": -709576000000.0,
        "Net Other Financing Charges": 1894000000.0,
        "Cash Dividends Paid": null,
        "Common Stock Dividend Paid": null,
        "Net Common Stock Issuance": 63178000000.0,
        "Common Stock Payments": null,
        "Common Stock Issuance": 63178000000.0,
        "Net Issuance Payments Of Debt": -700000000000.0,
        "Net Long Term Debt Issuance": -700000000000.0,
        "Long Term Debt Payments": -700000000000.0,
        "Investing Cash Flow": -1057275000000.0,
        "Dividends Received Cfi": 8776000000.0,
        "Net Business Purchase And Sale": 0.0,
        "Sale Of Business": 0.0,
        "Purchase Of Business": 0.0,
        "Net PPE Purchase And Sale": -1066051000000.0,
        "Sale Of PPE": 44111000000.0,
        "Purchase Of PPE": -1110162000000.0,
        "Operating Cash Flow": 55468501000000.0,
        "Cash Flowsfromusedin Operating Activities Direct": 55468501000000.0,
        "Classesof Cash Payments": -134438599000000.0,
        "Other Cash Paymentsfrom Operating Activities": -37138470000000.0,
        "Paymentson Behalfof Employees": -9631184000000.0,
        "Classesof Cash Receiptsfrom Operating Activities": 189907100000000.0,
        "Other Cash Receiptsfrom Operating Activities": 2615015000000.0
      },
      "2021-12-31 00:00:00": {
        "Free Cash Flow": 11888226000000.0,
        "Repurchase Of Capital Stock": 0.0,
        "Repayment Of Debt": 0.0,
        "Issuance Of Capital Stock": 60053000000.0,
        "Capital Expenditure": -939995000000.0,
        "End Cash Position": 47604230000000.0,
        "Beginning Cash Position": 35595899000000.0,
        "Changes In Cash": 12008331000000.0,
        "Financing Cash Flow": 60053000000.0,
        "Net Other Financing Charges": null,
        "Cash Dividends Paid": null,
        "Common Stock Dividend Paid": null,
        "Net Common Stock Issuance": 60053000000.0,
        "Common Stock Payments": 0.0,
        "Common Stock Issuance": 60053000000.0,
        "Net Issuance Payments Of Debt": 0.0,
        "Net Long Term Debt Issuance": 0.0,
        "Long Term Debt Payments": 0.0,
        "Investing Cash Flow": -879943000000.0,
        "Dividends Received Cfi": 4043000000.0,
        "Net Business Purchase And Sale": -1497000000.0,
        "Sale Of Business": null,
        "Purchase Of Business": -1497000000.0,
        "Net PPE Purchase And Sale": -882489000000.0,
        "Sale Of PPE": 57506000000.0,
        "Purchase Of PPE": -939995000000.0,
        "Operating Cash Flow": 12828221000000.0,
        "Cash Flowsfromusedin Operating Activities Direct": 12828221000000.0,
        "Classesof Cash Payments": -143441403000000.0,
        "Other Cash Paymentsfrom Operating Activities": -27609791000000.0,
        "Paymentson Behalfof Employees": -8687948000000.0,
        "Classesof Cash Receiptsfrom Operating Activities": 156269624000000.0,
        "Other Cash Receiptsfrom Operating Activities": 5916935000000.0
      }
    }
  },
  "metrics": {
    "symbol": "TCB.VN",
    "timestamp": "2026-01-09T18:25:46.032316",
    "pe_ratio": 11.796704,
    "pb_ratio": 1.5785038,
    "dividend_yield": 2.78,
    "beta": 0.976,
    "eps": 3106.8,
    "roe": 0.13833,
    "roa": 0.02178,
    "debt_to_equity": null,
    "current_ratio": null,
    "quick_ratio": null,
    "profit_margin": 0.49484003,
    "operating_margin": 0.64742,
    "free_cashflow": null,
    "52_week_high": 42500.0,
    "52_week_low": 22300.0,
    "revenue": 44430044168192,
    "gross_profit": 44430044168192,
    "operating_income": -82455050584064
  },
  "dividends": {
    "symbol": "TCB.VN",
    "timestamp": "2026-01-09T18:25:46.167663",
    "total_records": 2,
    "dividends": [
      {
        "date": "2024-05-21T00:00:00+07:00",
        "amount": 1500.0
      },
      {
        "date": "2025-09-30T00:00:00+07:00",
        "amount": 1000.0
      }
    ]
  },
  "splits": {
    "symbol": "TCB.VN",
    "timestamp": "2026-01-09T18:25:46.204331",
    "total_records": 1,
    "splits": [
      {
        "date": "2024-06-20T00:00:00+07:00",
        "ratio": 2.0
      }
    ]
  }
}