{"serverDateTime":"2025-11-06T16:46:41.623859066","status":200,"code":0,"msg":"Successful","exception":null,"successful":true,"data":[{"ticker":"VCI","quarter":"Q3 2017","closingPrice":10233.45,"tradingTime":1506643200,"lengthReport":3,"yearReport":2017,"revenue":4.12049657399E11,"revenueGrowth":0.6063393557,"roa":0.1513545359,"roe":0.3464989806,"grossMargin":0.7993750945703356,"isa3":4.12049657399E11,"isa3Growth":0.6063393557,"npatMi":2.00222922211E11,"npatMiGrowth":1.0278595913,"npatMiMargin":0.4859193998,"cash":1.02555743818E11,"shortTermInvestment":4.87575047349E12,"receivables":6.199306752E9,"inventory":0.0,"longTermInvestments":7.596E10,"totalAsset":5.36069847464E12,"otherAssets":3.0023295058E11,"totalDebtsLiabilities":2.705954364807E12,"totalDebts":9.43983E11,"shortTermDebts":9.43983E11,"longTermDebts":0.0,"totalEquity":2.654744109833E12,"otherLiabilities":1.761971364807E12,"cfo":-9.28182238667E11,"assetTurnover":-0.9832616039,"currentRatio":2.0010634575,"quickRatio":2.0010634575,"debtPerEquity":0.3555834238,"casaRatio":null,"balancesWithTheSBV":null,"dueFromFIs":null,"netCustomerLoans":null,"investmentSecurities":null,"bsb113":null,"llr":null,"netInterestMargin":0.0,"totalEquityTotalAsset":0.0,"ldrLoanDepositRatio":0.0,"npl":0.0,"cir":0.0,"depositGrowth":null,"loanGrowth":null,"updateDate":"2017-10-24T13:31:40.597"},{"ticker":"VCI","quarter":"Q4 2017","closingPrice":13370.34,"tradingTime":1514505600,"lengthReport":4,"yearReport":2017,"revenue":5.34861834787E11,"revenueGrowth":0.8756595313,"roa":0.1377328918,"roe":0.3049829358,"grossMargin":0.6061235227862244,"isa3":5.34861834787E11,"isa3Growth":0.8756595313,"npatMi":1.80167374422E11,"npatMiGrowth":0.6507649017,"npatMiMargin":0.3368484395,"cash":4.86703202803E11,"shortTermInvestment":5.709256554482E12,"receivables":2.8256236703E10,"inventory":0.0,"longTermInvestments":0.0,"totalAsset":6.402011745204E12,"otherAssets":1.77795751216E11,"totalDebtsLiabilities":3.382616547959E12,"totalDebts":1.434460418662E12,"shortTermDebts":1.434460418662E12,"longTermDebts":0.0,"totalEquity":3.019395197245E12,"otherLiabilities":1.948156129297E12,"cfo":-1.98590802177E11,"assetTurnover":-0.1384428595,"currentRatio":1.9575135415,"quickRatio":1.9575135415,"debtPerEquity":0.4750820363,"casaRatio":null,"balancesWithTheSBV":null,"dueFromFIs":null,"netCustomerLoans":null,"investmentSecurities":null,"bsb113":null,"llr":null,"netInterestMargin":0.0,"totalEquityTotalAsset":0.0,"ldrLoanDepositRatio":0.0,"npl":0.0,"cir":0.0,"depositGrowth":null,"loanGrowth":null,"updateDate":"2018-01-25T09:48:03.127"},{"ticker":"VCI","quarter":"Q1 2018","closingPrice":18512.78,"tradingTime":1522368000,"lengthReport":1,"yearReport":2018,"revenue":5.70570165733E11,"revenueGrowth":1.0505808676,"roa":0.1517153452,"roe":0.3254670707,"grossMargin":0.8312465432409988,"isa3":5.70570165733E11,"isa3Growth":1.0505808676,"npatMi":3.32304047139E11,"npatMiGrowth":1.8034183814,"npatMiMargin":0.5824069801,"cash":1.06056761048E11,"shortTermInvestment":6.906143717792E12,"receivables":1.1971600184E10,"inventory":0.0,"longTermInvestments":0.0,"totalAsset":7.176055864295E12,"otherAssets":1.51883785271E11,"totalDebtsLiabilities":3.584778352917E12,"totalDebts":1.518674E12,"shortTermDebts":1.518674E12,"longTermDebts":0.0,"totalEquity":3.591277511378E12,"otherLiabilities":2.066104352917E12,"cfo":-7.29096523093E11,"assetTurnover":-0.4800875784,"currentRatio":2.1075517337,"quickRatio":2.1075517337,"debtPerEquity":0.4228784869,"casaRatio":null,"balancesWithTheSBV":null,"dueFromFIs":null,"netCustomerLoans":null,"investmentSecurities":null,"bsb113":null,"llr":null,"netInterestMargin":0.0,"totalEquityTotalAsset":0.0,"ldrLoanDepositRatio":0.0,"npl":0.0,"cir":0.0,"depositGrowth":null,"loanGrowth":null,"updateDate":"2018-04-25T20:19:43.72"},{"ticker":"VCI","quarter":"Q2 2018","closingPrice":14141.71,"tradingTime":1530230400,"lengthReport":2,"yearReport":2018,"revenue":4.57358277209E11,"revenueGrowth":0.4678579821,"roa":null,"roe":null,"grossMargin":0.6932149955452059,"isa3":4.57358277209E11,"isa3Growth":0.4678579821,"npatMi":1.98337313666E11,"npatMiGrowth":0.2700044547,"npatMiMargin":0.4336585201,"cash":5.87625258197E11,"shortTermInvestment":7.230428734575E12,"receivables":2.0894765688E10,"inventory":0.0,"longTermInvestments":0.0,"totalAsset":7.919209660201E12,"otherAssets":8.0260901741E10,"totalDebtsLiabilities":4.323223450011E12,"totalDebts":1.45958E12,"shortTermDebts":1.45958E12,"longTermDebts":0.0,"totalEquity":3.59598621019E12,"otherLiabilities":2.863643450011E12,"cfo":2.01573445149E11,"assetTurnover":0.138103732,"currentRatio":null,"quickRatio":null,"debtPerEquity":0.4058914341,"casaRatio":null,"balancesWithTheSBV":null,"dueFromFIs":null,"netCustomerLoans":null,"investmentSecurities":null,"bsb113":null,"llr":null,"netInterestMargin":0.0,"totalEquityTotalAsset":0.0,"ldrLoanDepositRatio":0.0,"npl":0.0,"cir":0.0,"depositGrowth":null,"loanGrowth":null,"updateDate":"2023-11-21T14:00:32.33"},{"ticker":"VCI","quarter":"Q3 2018","closingPrice":15195.17,"tradingTime":1538092800,"lengthReport":3,"yearReport":2018,"revenue":3.86374726828E11,"revenueGrowth":-0.0623102825,"roa":0.1207509185,"roe":0.2493071313,"grossMargin":0.747928053515373,"isa3":3.86374726828E11,"isa3Growth":-0.0623102825,"npatMi":1.60639227628E11,"npatMiGrowth":-0.1976981164,"npatMiMargin":0.4157601843,"cash":3.24440602564E11,"shortTermInvestment":6.94180256071E12,"receivables":1.9387188128E10,"inventory":0.0,"longTermInvestments":0.0,"totalAsset":7.370344558669E12,"otherAssets":8.4714207267E10,"totalDebtsLiabilities":3.59508554083E12,"totalDebts":9.2716E11,"shortTermDebts":9.2716E11,"longTermDebts":0.0,"totalEquity":3.775259017839E12,"otherLiabilities":2.66792554083E12,"cfo":-2.20690990633E11,"assetTurnover":-0.2380290248,"currentRatio":2.1326557157,"quickRatio":2.1326557157,"debtPerEquity":0.2455884472,"casaRatio":null,"balancesWithTheSBV":null,"dueFromFIs":null,"netCustomerLoans":null,"investmentSecurities":null,"bsb113":null,"llr":null,"netInterestMargin":0.0,"totalEquityTotalAsset":0.0,"ldrLoanDepositRatio":0.0,"npl":0.0,"cir":0.0,"depositGrowth":null,"loanGrowth":null,"updateDate":"2018-10-23T10:13:07.077"},{"ticker":"VCI","quarter":"Q4 2018","closingPrice":10915.67,"tradingTime":1545955200,"lengthReport":4,"yearReport":2018,"revenue":4.07176325805E11,"revenueGrowth":-0.2387261545,"roa":0.1274196312,"roe":0.2469455361,"grossMargin":0.6655313356080987,"isa3":4.07176325805E11,"isa3Growth":-0.2387261545,"npatMi":1.31341038918E11,"npatMiGrowth":-0.2710054229,"npatMiMargin":0.3225655093,"cash":1.14436156889E12,"shortTermInvestment":5.252959790479E12,"receivables":3.0487868695E10,"inventory":0.0,"longTermInvestments":0.0,"totalAsset":6.509995923207E12,"otherAssets":8.2186695143E10,"totalDebtsLiabilities":2.867018192422E12,"totalDebts":9.8486E11,"shortTermDebts":9.8486E11,"longTermDebts":0.0,"totalEquity":3.642977730785E12,"otherLiabilities":1.882158192422E12,"cfo":1.111730252326E12,"assetTurnover":1.1288205962,"currentRatio":2.335545663,"quickRatio":2.335545663,"debtPerEquity":0.2703447764,"casaRatio":null,"balancesWithTheSBV":null,"dueFromFIs":null,"netCustomerLoans":null,"investmentSecurities":null,"bsb113":null,"llr":null,"netInterestMargin":0.0,"totalEquityTotalAsset":0.0,"ldrLoanDepositRatio":0.0,"npl":0.0,"cir":0.0,"depositGrowth":null,"loanGrowth":null,"updateDate":"2020-09-29T15:25:36.733"},{"ticker":"VCI","quarter":"Q1 2019","closingPrice":9023.57,"tradingTime":1553817600,"lengthReport":1,"yearReport":2019,"revenue":3.66823648715E11,"revenueGrowth":-0.3570928332,"roa":0.1015077467,"roe":0.1894366718,"grossMargin":0.8001660395539202,"isa3":3.66823648715E11,"isa3Growth":-0.3570928332,"npatMi":2.02554838914E11,"npatMiGrowth":-0.3904532892,"npatMiMargin":0.552185879,"cash":4.53964037304E11,"shortTermInvestment":4.885697213087E12,"receivables":6.841104516E10,"inventory":0.0,"longTermInvestments":0.0,"totalAsset":5.503683036361E12,"otherAssets":9.561074081E10,"totalDebtsLiabilities":1.887741464445E12,"totalDebts":1.0E11,"shortTermDebts":1.0E11,"longTermDebts":0.0,"totalEquity":3.615941571916E12,"otherLiabilities":1.787741464445E12,"cfo":3.13060738124E11,"assetTurnover":3.1306073812,"currentRatio":3.0173890343,"quickRatio":3.0173890343,"debtPerEquity":0.0276553141,"casaRatio":null,"balancesWithTheSBV":null,"dueFromFIs":null,"netCustomerLoans":null,"investmentSecurities":null,"bsb113":null,"llr":null,"netInterestMargin":0.0,"totalEquityTotalAsset":0.0,"ldrLoanDepositRatio":0.0,"npl":0.0,"cir":0.0,"depositGrowth":null,"loanGrowth":null,"updateDate":"2019-04-23T16:36:41.86"},{"ticker":"VCI","quarter":"Q2 2019","closingPrice":7370.72,"tradingTime":1561680000,"lengthReport":2,"yearReport":2019,"revenue":4.05960876343E11,"revenueGrowth":-0.1123788579,"roa":0.0992013268,"roe":0.1745571885,"grossMargin":0.5322067882803886,"isa3":4.05960876343E11,"isa3Growth":-0.1123788579,"npatMi":1.39638594004E11,"npatMiGrowth":-0.2959539916,"npatMiMargin":0.3439705699,"cash":5.46573403069E11,"shortTermInvestment":5.341979297427E12,"receivables":1.80998925121E11,"inventory":0.0,"longTermInvestments":0.0,"totalAsset":6.187154600619E12,"otherAssets":1.17602975002E11,"totalDebtsLiabilities":2.68916258089E12,"totalDebts":1.02719E12,"shortTermDebts":1.02719E12,"longTermDebts":0.0,"totalEquity":3.497992019729E12,"otherLiabilities":1.66197258089E12,"cfo":-6.50500311175E11,"assetTurnover":-0.6332813902,"currentRatio":2.313898913,"quickRatio":2.313898913,"debtPerEquity":0.2936513274,"casaRatio":null,"balancesWithTheSBV":null,"dueFromFIs":null,"netCustomerLoans":null,"investmentSecurities":null,"bsb113":null,"llr":null,"netInterestMargin":0.0,"totalEquityTotalAsset":0.0,"ldrLoanDepositRatio":0.0,"npl":0.0,"cir":0.0,"depositGrowth":null,"loanGrowth":null,"updateDate":"2020-09-29T15:18:58.977"},{"ticker":"VCI","quarter":"Q3 2019","closingPrice":8359.18,"tradingTime":1569801600,"lengthReport":3,"yearReport":2019,"revenue":3.45743499779E11,"revenueGrowth":-0.1051601573,"roa":0.1007803646,"roe":0.1715437977,"grossMargin":0.7214745511642182,"isa3":3.45743499779E11,"isa3Growth":-0.1051601573,"npatMi":1.50443655266E11,"npatMiGrowth":-0.0634687586,"npatMiMargin":0.4351308278,"cash":8.23959013885E11,"shortTermInvestment":5.453175018192E12,"receivables":2.00448481387E11,"inventory":0.0,"longTermInvestments":0.0,"totalAsset":6.565027514128E12,"otherAssets":8.7445000664E10,"totalDebtsLiabilities":2.772228838211E12,"totalDebts":1.04808E12,"shortTermDebts":1.04808E12,"longTermDebts":0.0,"totalEquity":3.792798675917E12,"otherLiabilities":1.724148838211E12,"cfo":5.69377469816E11,"assetTurnover":0.5432576424,"currentRatio":2.4158386399,"quickRatio":2.4158386399,"debtPerEquity":0.2763342032,"casaRatio":null,"balancesWithTheSBV":null,"dueFromFIs":null,"netCustomerLoans":null,"investmentSecurities":null,"bsb113":null,"llr":null,"netInterestMargin":0.0,"totalEquityTotalAsset":0.0,"ldrLoanDepositRatio":0.0,"npl":0.0,"cir":0.0,"depositGrowth":null,"loanGrowth":null,"updateDate":"2019-10-21T11:08:22.08"},{"ticker":"VCI","quarter":"Q4 2019","closingPrice":7199.88,"tradingTime":1577750400,"lengthReport":4,"yearReport":2019,"revenue":4.22416327813E11,"revenueGrowth":0.0374285071,"roa":0.1008045935,"roe":0.1801736429,"grossMargin":0.7560338348080577,"isa3":4.22416327813E11,"isa3Growth":0.0374285071,"npatMi":2.00543489084E11,"npatMiGrowth":0.5268912956,"npatMiMargin":0.4747531662,"cash":7.94511762602E11,"shortTermInvestment":5.817229478552E12,"receivables":3.95927534826E11,"inventory":0.0,"longTermInvestments":0.0,"totalAsset":7.242960228473E12,"otherAssets":2.35291452493E11,"totalDebtsLiabilities":3.191354377816E12,"totalDebts":1.45098E12,"shortTermDebts":1.45098E12,"longTermDebts":0.0,"totalEquity":4.051605850657E12,"otherLiabilities":1.740374377816E12,"cfo":-5.73071953402E11,"assetTurnover":-0.3949551017,"currentRatio":2.3220722587,"quickRatio":2.3220722587,"debtPerEquity":0.358124668,"casaRatio":null,"balancesWithTheSBV":null,"dueFromFIs":null,"netCustomerLoans":null,"investmentSecurities":null,"bsb113":null,"llr":null,"netInterestMargin":0.0,"totalEquityTotalAsset":0.0,"ldrLoanDepositRatio":0.0,"npl":0.0,"cir":0.0,"depositGrowth":null,"loanGrowth":null,"updateDate":"2020-09-29T15:23:05.47"},{"ticker":"VCI","quarter":"Q1 2020","closingPrice":3465.7,"tradingTime":1585612800,"lengthReport":1,"yearReport":2020,"revenue":3.790749434E11,"revenueGrowth":0.0333983229,"roa":0.0897358652,"roe":0.1629403853,"grossMargin":0.4344298407748572,"isa3":3.790749434E11,"isa3Growth":0.0333983229,"npatMi":1.18581054492E11,"npatMiGrowth":-0.4145730849,"npatMiMargin":0.3128169154,"cash":9.80082444321E11,"shortTermInvestment":5.366433408014E12,"receivables":4.92329076561E11,"inventory":0.0,"longTermInvestments":0.0,"totalAsset":7.160412080856E12,"otherAssets":3.2156715196E11,"totalDebtsLiabilities":3.547479001693E12,"totalDebts":1.975105E12,"shortTermDebts":1.975105E12,"longTermDebts":0.0,"totalEquity":3.612933079163E12,"otherLiabilities":1.572374001693E12,"cfo":-3.27327735461E11,"assetTurnover":-0.1657267515,"currentRatio":1.9752633722,"quickRatio":1.9752633722,"debtPerEquity":0.546676331,"casaRatio":null,"balancesWithTheSBV":null,"dueFromFIs":null,"netCustomerLoans":null,"investmentSecurities":null,"bsb113":null,"llr":null,"netInterestMargin":0.0,"totalEquityTotalAsset":0.0,"ldrLoanDepositRatio":0.0,"npl":0.0,"cir":0.0,"depositGrowth":null,"loanGrowth":null,"updateDate":"2020-09-29T15:28:54.593"},{"ticker":"VCI","quarter":"Q2 2020","closingPrice":5003.31,"tradingTime":1593475200,"lengthReport":2,"yearReport":2020,"revenue":4.0684415054E11,"revenueGrowth":0.0021757619,"roa":0.0974456685,"roe":0.1776622201,"grossMargin":0.9346479765440651,"isa3":4.0684415054E11,"isa3Growth":0.0021757619,"npatMi":2.05052539809E11,"npatMiGrowth":0.4684517649,"npatMiMargin":0.50400759,"cash":1.897867432469E12,"shortTermInvestment":4.429820401608E12,"receivables":1.23004814854E11,"inventory":0.0,"longTermInvestments":0.0,"totalAsset":6.723779778299E12,"otherAssets":2.73087129368E11,"totalDebtsLiabilities":2.992277833572E12,"totalDebts":1.91278E12,"shortTermDebts":1.91278E12,"longTermDebts":0.0,"totalEquity":3.731501944727E12,"otherLiabilities":1.079497833572E12,"cfo":1.513159477956E12,"assetTurnover":0.7910786802,"currentRatio":2.2133928535,"quickRatio":2.2133928535,"debtPerEquity":0.5126032435,"casaRatio":null,"balancesWithTheSBV":null,"dueFromFIs":null,"netCustomerLoans":null,"investmentSecurities":null,"bsb113":null,"llr":null,"netInterestMargin":0.0,"totalEquityTotalAsset":0.0,"ldrLoanDepositRatio":0.0,"npl":0.0,"cir":0.0,"depositGrowth":null,"loanGrowth":null,"updateDate":"2023-11-20T17:37:01.26"},{"ticker":"VCI","quarter":"Q3 2020","closingPrice":7479.29,"tradingTime":1601424000,"lengthReport":3,"yearReport":2020,"revenue":2.79793021495E11,"revenueGrowth":-0.1907497273,"roa":0.0889169206,"roe":0.1609863552,"grossMargin":0.6161450776143848,"isa3":2.79793021495E11,"isa3Growth":-0.1907497273,"npatMi":9.5465391965E10,"npatMiGrowth":-0.3654408902,"npatMiMargin":0.3412000466,"cash":4.29220640524E11,"shortTermInvestment":6.154715940092E12,"receivables":7.983007176E10,"inventory":0.0,"longTermInvestments":0.0,"totalAsset":6.747968697132E12,"otherAssets":8.4202044756E10,"totalDebtsLiabilities":2.747860636658E12,"totalDebts":1.84738E12,"shortTermDebts":1.84738E12,"longTermDebts":0.0,"totalEquity":4.000108060474E12,"otherLiabilities":9.00480636658E11,"cfo":-1.272861422253E12,"assetTurnover":-0.6890089869,"currentRatio":2.4508416014,"quickRatio":2.4508416014,"debtPerEquity":0.4618325235,"casaRatio":null,"balancesWithTheSBV":null,"dueFromFIs":null,"netCustomerLoans":null,"investmentSecurities":null,"bsb113":null,"llr":null,"netInterestMargin":0.0,"totalEquityTotalAsset":0.0,"ldrLoanDepositRatio":0.0,"npl":0.0,"cir":0.0,"depositGrowth":null,"loanGrowth":null,"updateDate":"2020-10-21T14:06:13.007"},{"ticker":"VCI","quarter":"Q4 2020","closingPrice":15421.28,"tradingTime":1609372800,"lengthReport":4,"yearReport":2020,"revenue":6.63879475128E11,"revenueGrowth":0.5716236126,"roa":0.0984184718,"roe":0.1793780485,"grossMargin":0.7384721193820242,"isa3":6.63879475128E11,"isa3Growth":0.5716236126,"npatMi":3.49813303155E11,"npatMiGrowth":0.744326404,"npatMiMargin":0.5269229073,"cash":6.4251298359E11,"shortTermInvestment":7.312739845406E12,"receivables":2.59390321145E11,"inventory":0.0,"longTermInvestments":0.0,"totalAsset":8.38240512544E12,"otherAssets":1.67761975299E11,"totalDebtsLiabilities":3.860918605726E12,"totalDebts":2.69613E12,"shortTermDebts":2.69613E12,"longTermDebts":0.0,"totalEquity":4.521486519714E12,"otherLiabilities":1.164788605726E12,"cfo":-4.84506469934E11,"assetTurnover":-0.179704417,"currentRatio":2.2261619922,"quickRatio":2.2261619922,"debtPerEquity":0.5962928316,"casaRatio":null,"balancesWithTheSBV":null,"dueFromFIs":null,"netCustomerLoans":null,"investmentSecurities":null,"bsb113":null,"llr":null,"netInterestMargin":0.0,"totalEquityTotalAsset":0.0,"ldrLoanDepositRatio":0.0,"npl":0.0,"cir":0.0,"depositGrowth":null,"loanGrowth":null,"updateDate":"2021-01-21T10:13:37.513"},{"ticker":"VCI","quarter":"Q1 2021","closingPrice":16931.61,"tradingTime":1617148800,"lengthReport":1,"yearReport":2021,"revenue":7.77810622008E11,"revenueGrowth":1.051865035,"roa":0.1205445404,"roe":0.2195734006,"grossMargin":0.5557419063885631,"isa3":7.77810622008E11,"isa3Growth":1.051865035,"npatMi":2.9185810753E11,"npatMiGrowth":1.4612541083,"npatMiMargin":0.3752302929,"cash":2.19637696238E11,"shortTermInvestment":8.770282796069E12,"receivables":2.31074546094E11,"inventory":0.0,"longTermInvestments":0.0,"totalAsset":9.410284891684E12,"otherAssets":1.89289853283E11,"totalDebtsLiabilities":4.499383595789E12,"totalDebts":3.40482E12,"shortTermDebts":3.40482E12,"longTermDebts":0.0,"totalEquity":4.910901295895E12,"otherLiabilities":1.094563595789E12,"cfo":-1.082672522807E12,"assetTurnover":-0.3179823083,"currentRatio":2.1475584148,"quickRatio":2.1475584148,"debtPerEquity":0.6933187606,"casaRatio":null,"balancesWithTheSBV":null,"dueFromFIs":null,"netCustomerLoans":null,"investmentSecurities":null,"bsb113":null,"llr":null,"netInterestMargin":0.0,"totalEquityTotalAsset":0.0,"ldrLoanDepositRatio":0.0,"npl":0.0,"cir":0.0,"depositGrowth":null,"loanGrowth":null,"updateDate":"2021-04-23T15:34:18.487"},{"ticker":"VCI","quarter":"Q2 2021","closingPrice":28553.78,"tradingTime":1625011200,"lengthReport":2,"yearReport":2021,"revenue":8.77188580971E11,"revenueGrowth":1.1560801103,"roa":0.1272867785,"roe":0.2449707002,"grossMargin":0.7100720622064186,"isa3":8.77188580971E11,"isa3Growth":1.1560801103,"npatMi":4.10268566487E11,"npatMiGrowth":1.0007972926,"npatMiMargin":0.4677085126,"cash":1.390655597638E12,"shortTermInvestment":9.832340940544E12,"receivables":1.54244981394E11,"inventory":0.0,"longTermInvestments":0.0,"totalAsset":1.15166720817E13,"otherAssets":1.39430562124E11,"totalDebtsLiabilities":6.213778485845E12,"totalDebts":3.904045E12,"shortTermDebts":3.904045E12,"longTermDebts":0.0,"totalEquity":5.302893595855E12,"otherLiabilities":2.309733485845E12,"cfo":-9.248973691E9,"assetTurnover":-0.0023690746,"currentRatio":1.917135541,"quickRatio":1.917135541,"debtPerEquity":null,"casaRatio":null,"balancesWithTheSBV":null,"dueFromFIs":null,"netCustomerLoans":null,"investmentSecurities":null,"bsb113":null,"llr":null,"netInterestMargin":null,"totalEquityTotalAsset":null,"ldrLoanDepositRatio":null,"npl":null,"cir":null,"depositGrowth":null,"loanGrowth":null,"updateDate":"2023-11-14T14:01:31.543"},{"ticker":"VCI","quarter":"Q3 2021","closingPrice":32546.94,"tradingTime":1632960000,"lengthReport":3,"yearReport":2021,"revenue":9.19376281667E11,"revenueGrowth":2.2859156985,"roa":0.1285596669,"roe":0.2621821647,"grossMargin":0.5677811406549546,"isa3":9.19376281667E11,"isa3Growth":2.2859156985,"npatMi":3.29294558576E11,"npatMiGrowth":2.4493605672,"npatMiMargin":0.3581716922,"cash":6.55194208089E11,"shortTermInvestment":1.2661740220197E13,"receivables":1.49214942536E11,"inventory":0.0,"longTermInvestments":0.0,"totalAsset":1.3666310426328E13,"otherAssets":2.00161055506E11,"totalDebtsLiabilities":7.32869334555E12,"totalDebts":4.69258E12,"shortTermDebts":4.69258E12,"longTermDebts":0.0,"totalEquity":6.337617080778E12,"otherLiabilities":2.63611334555E12,"cfo":-1.541396389549E12,"assetTurnover":-0.3284752502,"currentRatio":1.9707708912,"quickRatio":1.9707708912,"debtPerEquity":0.7404328694,"casaRatio":null,"balancesWithTheSBV":null,"dueFromFIs":null,"netCustomerLoans":null,"investmentSecurities":null,"bsb113":null,"llr":null,"netInterestMargin":0.0,"totalEquityTotalAsset":0.0,"ldrLoanDepositRatio":0.0,"npl":0.0,"cir":0.0,"depositGrowth":null,"loanGrowth":null,"updateDate":"2023-12-04T17:34:42.1"},{"ticker":"VCI","quarter":"Q4 2021","closingPrice":40477.88,"tradingTime":1640908800,"lengthReport":4,"yearReport":2021,"revenue":1.132693239846E12,"revenueGrowth":0.7061730062,"roa":0.1198079971,"roe":0.2709339228,"grossMargin":0.7096372585972917,"isa3":1.132693239846E12,"isa3Growth":0.7061730062,"npatMi":4.67297142735E11,"npatMiGrowth":0.3358472606,"npatMiMargin":0.412554014,"cash":1.131748599533E12,"shortTermInvestment":1.4998113044339E13,"receivables":2.85206345277E11,"inventory":0.0,"longTermInvestments":0.0,"totalAsset":1.6636264947117E13,"otherAssets":2.21196957968E11,"totalDebtsLiabilities":1.009440170173E13,"totalDebts":6.36268E12,"shortTermDebts":6.36268E12,"longTermDebts":0.0,"totalEquity":6.541863245387E12,"otherLiabilities":3.73172170173E12,"cfo":-1.116694708846E12,"assetTurnover":-0.1755069733,"currentRatio":1.7231549841,"quickRatio":1.7231549841,"debtPerEquity":0.7404328694,"casaRatio":null,"balancesWithTheSBV":null,"dueFromFIs":null,"netCustomerLoans":null,"investmentSecurities":null,"bsb113":null,"llr":null,"netInterestMargin":0.0,"totalEquityTotalAsset":0.0,"ldrLoanDepositRatio":0.0,"npl":0.0,"cir":0.0,"depositGrowth":null,"loanGrowth":null,"updateDate":"2023-12-04T17:45:27.28"},{"ticker":"VCI","quarter":"Q1 2022","closingPrice":31192.43,"tradingTime":1648684800,"lengthReport":1,"yearReport":2022,"revenue":7.96611914617E11,"revenueGrowth":0.0241720698,"roa":0.1103554168,"roe":0.2564323771,"grossMargin":0.8249287659285736,"isa3":7.96611914617E11,"isa3Growth":0.0241720698,"npatMi":4.17161965578E11,"npatMiGrowth":0.4293314279,"npatMiMargin":0.5236702564,"cash":1.41958623984E12,"shortTermInvestment":1.5206931357636E13,"receivables":1.99590894861E11,"inventory":0.0,"longTermInvestments":0.0,"totalAsset":1.7045909519104E13,"otherAssets":2.19801026767E11,"totalDebtsLiabilities":9.895722054419E12,"totalDebts":6.98522E12,"shortTermDebts":6.98522E12,"longTermDebts":0.0,"totalEquity":7.150187464685E12,"otherLiabilities":2.910502054419E12,"cfo":-2.40825064238E11,"assetTurnover":-0.034476375,"currentRatio":1.8130023608,"quickRatio":1.8130023608,"debtPerEquity":0.9726097537,"casaRatio":null,"balancesWithTheSBV":null,"dueFromFIs":null,"netCustomerLoans":null,"investmentSecurities":null,"bsb113":null,"llr":null,"netInterestMargin":0.0,"totalEquityTotalAsset":0.0,"ldrLoanDepositRatio":0.0,"npl":0.0,"cir":0.0,"depositGrowth":null,"loanGrowth":null,"updateDate":"2023-11-29T11:03:04.16"},{"ticker":"VCI","quarter":"Q2 2022","closingPrice":18376.29,"tradingTime":1656547200,"lengthReport":2,"yearReport":2022,"revenue":1.04186599762E12,"revenueGrowth":0.187733197,"roa":0.0949860768,"roe":0.2229504008,"grossMargin":0.4908476757387394,"isa3":1.04186599762E12,"isa3Growth":0.187733197,"npatMi":3.00701996406E11,"npatMiGrowth":-0.2670606013,"npatMiMargin":0.2886186871,"cash":2.985622339536E12,"shortTermInvestment":1.3134429544167E13,"receivables":7.0199526725E10,"inventory":0.0,"longTermInvestments":0.0,"totalAsset":1.6427416373034E13,"otherAssets":2.37164962606E11,"totalDebtsLiabilities":9.285916800797E12,"totalDebts":6.7341E12,"shortTermDebts":6.7341E12,"longTermDebts":0.0,"totalEquity":7.141499572237E12,"otherLiabilities":2.551816800797E12,"cfo":1.967763875333E12,"assetTurnover":0.2922088884,"currentRatio":1.8432698436,"quickRatio":1.8432698436,"debtPerEquity":0.9429532176,"casaRatio":null,"balancesWithTheSBV":null,"dueFromFIs":null,"netCustomerLoans":null,"investmentSecurities":null,"bsb113":null,"llr":null,"netInterestMargin":0.0,"totalEquityTotalAsset":0.0,"ldrLoanDepositRatio":0.0,"npl":0.0,"cir":0.0,"depositGrowth":null,"loanGrowth":null,"updateDate":"2023-12-12T18:22:33.233"},{"ticker":"VCI","quarter":"Q3 2022","closingPrice":21251.74,"tradingTime":1664496000,"lengthReport":3,"yearReport":2022,"revenue":5.21618202132E11,"revenueGrowth":-0.4326390483,"roa":0.0794904458,"roe":0.190752684,"grossMargin":0.5967625737995764,"isa3":5.21618202132E11,"isa3Growth":-0.4326390483,"npatMi":1.22681186049E11,"npatMiGrowth":-0.6274424133,"npatMiMargin":0.2351934529,"cash":1.839232488105E12,"shortTermInvestment":1.3388157598294E13,"receivables":2.26399200058E11,"inventory":0.0,"longTermInvestments":0.0,"totalAsset":1.5701703951821E13,"otherAssets":2.47914665364E11,"totalDebtsLiabilities":9.110375834657E12,"totalDebts":6.5001E12,"shortTermDebts":6.5001E12,"longTermDebts":0.0,"totalEquity":6.591328117164E12,"otherLiabilities":2.610275834657E12,"cfo":-9.55646546658E11,"assetTurnover":-0.1470202838,"currentRatio":1.7584559083,"quickRatio":1.7584559083,"debtPerEquity":0.9861593725,"casaRatio":null,"balancesWithTheSBV":null,"dueFromFIs":null,"netCustomerLoans":null,"investmentSecurities":null,"bsb113":null,"llr":null,"netInterestMargin":0.0,"totalEquityTotalAsset":0.0,"ldrLoanDepositRatio":0.0,"npl":0.0,"cir":0.0,"depositGrowth":null,"loanGrowth":null,"updateDate":"2023-11-29T11:41:57.067"},{"ticker":"VCI","quarter":"Q4 2022","closingPrice":17333.15,"tradingTime":1672358400,"lengthReport":4,"yearReport":2022,"revenue":7.96146621976E11,"revenueGrowth":-0.2971207084,"roa":0.0562827636,"roe":0.1333061434,"grossMargin":0.3490358953232824,"isa3":7.96146621976E11,"isa3Growth":-0.2971207084,"npatMi":2.8433037769E10,"npatMiGrowth":-0.9391542657,"npatMiMargin":0.0357133184,"cash":3.423501614803E12,"shortTermInvestment":1.0562264962864E13,"receivables":1.20085485886E11,"inventory":0.0,"longTermInvestments":0.0,"totalAsset":1.4242751316822E13,"otherAssets":1.36899253269E11,"totalDebtsLiabilities":7.747283145208E12,"totalDebts":6.326207142857E12,"shortTermDebts":6.326207142857E12,"longTermDebts":0.0,"totalEquity":6.495468171614E12,"otherLiabilities":1.421076002351E12,"cfo":2.970596302298E12,"assetTurnover":0.4695698758,"currentRatio":1.8908526675,"quickRatio":1.8908526675,"debtPerEquity":0.9739416738,"casaRatio":null,"balancesWithTheSBV":null,"dueFromFIs":null,"netCustomerLoans":null,"investmentSecurities":null,"bsb113":null,"llr":null,"netInterestMargin":0.0,"totalEquityTotalAsset":0.0,"ldrLoanDepositRatio":0.0,"npl":0.0,"cir":0.0,"depositGrowth":null,"loanGrowth":null,"updateDate":"2023-11-29T13:58:29.913"},{"ticker":"VCI","quarter":"Q1 2023","closingPrice":23930.93,"tradingTime":1680220800,"lengthReport":1,"yearReport":2023,"revenue":4.99209829318E11,"revenueGrowth":-0.3733337148,"roa":0.0342100468,"roe":0.0774825351,"grossMargin":0.5295062927950023,"isa3":4.99209829318E11,"isa3Growth":-0.3733337148,"npatMi":7.3054362713E10,"npatMiGrowth":-0.8248777004,"npatMiMargin":0.1463399926,"cash":3.029413854383E12,"shortTermInvestment":1.1576229470071E13,"receivables":1.61113410032E11,"inventory":0.0,"longTermInvestments":0.0,"totalAsset":1.4998472092947E13,"otherAssets":2.31715358461E11,"totalDebtsLiabilities":8.130567126508E12,"totalDebts":6.857987142857E12,"shortTermDebts":6.857987142857E12,"longTermDebts":0.0,"totalEquity":6.867904966439E12,"otherLiabilities":1.272579983651E12,"cfo":-5.96366629874E11,"assetTurnover":-0.0869594266,"currentRatio":1.9120385881,"quickRatio":1.9120385881,"debtPerEquity":0.9985559172,"casaRatio":null,"balancesWithTheSBV":null,"dueFromFIs":null,"netCustomerLoans":null,"investmentSecurities":null,"bsb113":null,"llr":null,"netInterestMargin":0.0,"totalEquityTotalAsset":0.0,"ldrLoanDepositRatio":0.0,"npl":0.0,"cir":0.0,"depositGrowth":null,"loanGrowth":null,"updateDate":"2023-04-24T15:46:59.63"},{"ticker":"VCI","quarter":"Q2 2023","closingPrice":27704.06,"tradingTime":1688083200,"lengthReport":2,"yearReport":2023,"revenue":5.00867804195E11,"revenueGrowth":-0.5192589015,"roa":0.0229432174,"roe":0.0499279946,"grossMargin":0.7186023798304922,"isa3":5.00867804195E11,"isa3Growth":-0.5192589015,"npatMi":1.16896619351E11,"npatMiGrowth":-0.6112542625,"npatMiMargin":0.2333881682,"cash":1.903146290628E12,"shortTermInvestment":1.2314266404566E13,"receivables":1.70658547799E11,"inventory":0.0,"longTermInvestments":0.0,"totalAsset":1.4519562225164E13,"otherAssets":1.31490982171E11,"totalDebtsLiabilities":7.149696682829E12,"totalDebts":6.214252142857E12,"shortTermDebts":6.214252142857E12,"longTermDebts":0.0,"totalEquity":7.369865542335E12,"otherLiabilities":9.35444539972E11,"cfo":1.1538289879E11,"assetTurnover":0.0185674633,"currentRatio":2.1642375967,"quickRatio":2.1642375967,"debtPerEquity":0.8431974922,"casaRatio":null,"balancesWithTheSBV":null,"dueFromFIs":null,"netCustomerLoans":null,"investmentSecurities":null,"bsb113":null,"llr":null,"netInterestMargin":0.0,"totalEquityTotalAsset":0.0,"ldrLoanDepositRatio":0.0,"npl":0.0,"cir":0.0,"depositGrowth":null,"loanGrowth":null,"updateDate":"2023-08-22T10:27:23.483"},{"ticker":"VCI","quarter":"Q3 2023","closingPrice":31223.84,"tradingTime":1695945600,"lengthReport":3,"yearReport":2023,"revenue":6.66686976459E11,"revenueGrowth":0.2781129449,"roa":0.0261964953,"roe":0.0567195669,"grossMargin":0.597477478851721,"isa3":6.66686976459E11,"isa3Growth":0.2781129449,"npatMi":1.79003174655E11,"npatMiGrowth":0.459092306,"npatMiMargin":0.2684965823,"cash":1.774586204245E12,"shortTermInvestment":1.4195053918097E13,"receivables":6.42749608142E11,"inventory":0.0,"longTermInvestments":0.0,"totalAsset":1.6917131786375E13,"otherAssets":3.04742055891E11,"totalDebtsLiabilities":9.625671689274E12,"totalDebts":8.722707142857E12,"shortTermDebts":8.722707142857E12,"longTermDebts":0.0,"totalEquity":7.291460097101E12,"otherLiabilities":9.02964546417E11,"cfo":-2.635617604565E12,"assetTurnover":-0.3021559203,"currentRatio":1.8272569281,"quickRatio":1.8272569281,"debtPerEquity":1.19629087,"casaRatio":null,"balancesWithTheSBV":null,"dueFromFIs":null,"netCustomerLoans":null,"investmentSecurities":null,"bsb113":null,"llr":null,"netInterestMargin":0.0,"totalEquityTotalAsset":0.0,"ldrLoanDepositRatio":0.0,"npl":0.0,"cir":0.0,"depositGrowth":null,"loanGrowth":null,"updateDate":"2023-10-23T14:10:28.707"},{"ticker":"VCI","quarter":"Q4 2023","closingPrice":32359.25,"tradingTime":1703808000,"lengthReport":4,"yearReport":2023,"revenue":8.05695933425E11,"revenueGrowth":0.0119944131,"roa":0.0312341381,"roe":0.0709476287,"grossMargin":0.47942831761351706,"isa3":8.05695933425E11,"isa3Growth":0.0119944131,"npatMi":1.22950502675E11,"npatMiGrowth":3.3242126879,"npatMiMargin":0.1526016175,"cash":7.8789781924E11,"shortTermInvestment":1.5097165308797E13,"receivables":1.094491429414E12,"inventory":0.0,"longTermInvestments":0.0,"totalAsset":1.7255134656525E13,"otherAssets":2.75580099074E11,"totalDebtsLiabilities":9.883905148184E12,"totalDebts":8.979275E12,"shortTermDebts":8.979275E12,"longTermDebts":0.0,"totalEquity":7.371229508341E12,"otherLiabilities":9.04630148184E11,"cfo":-1.238953050921E12,"assetTurnover":-0.1379791855,"currentRatio":1.8143737771,"quickRatio":1.8143737771,"debtPerEquity":1.2181515973,"casaRatio":null,"balancesWithTheSBV":null,"dueFromFIs":null,"netCustomerLoans":null,"investmentSecurities":null,"bsb113":null,"llr":null,"netInterestMargin":0.0,"totalEquityTotalAsset":0.0,"ldrLoanDepositRatio":0.0,"npl":0.0,"cir":0.0,"depositGrowth":null,"loanGrowth":null,"updateDate":"2024-01-22T13:56:31.617"},{"ticker":"VCI","quarter":"Q1 2024","closingPrice":40723.45,"tradingTime":1711670400,"lengthReport":1,"yearReport":2024,"revenue":8.06317375461E11,"revenueGrowth":0.6151872982,"roa":0.0361453103,"roe":0.0816431035,"grossMargin":0.5410838424219252,"isa3":8.06317375461E11,"isa3Growth":0.6151872982,"npatMi":1.97756462393E11,"npatMiGrowth":1.7069767643,"npatMiMargin":0.2452588378,"cash":1.040594399692E12,"shortTermInvestment":1.745415490673E13,"receivables":7.02530886335E11,"inventory":0.0,"longTermInvestments":0.0,"totalAsset":1.9544604126402E13,"otherAssets":3.47323933645E11,"totalDebtsLiabilities":1.1367295476918E13,"totalDebts":1.0239557E13,"shortTermDebts":1.0239557E13,"longTermDebts":0.0,"totalEquity":8.177308649484E12,"otherLiabilities":1.127738476918E12,"cfo":-1.002219075396E12,"assetTurnover":-0.0978771909,"currentRatio":1.8008777753,"quickRatio":1.8008777753,"debtPerEquity":1.2521915754,"casaRatio":null,"balancesWithTheSBV":null,"dueFromFIs":null,"netCustomerLoans":null,"investmentSecurities":null,"bsb113":null,"llr":null,"netInterestMargin":0.0,"totalEquityTotalAsset":0.0,"ldrLoanDepositRatio":0.0,"npl":0.0,"cir":0.0,"depositGrowth":null,"loanGrowth":null,"updateDate":"2024-04-22T18:15:21.66"},{"ticker":"VCI","quarter":"Q2 2024","closingPrice":34895.0,"tradingTime":1719532800,"lengthReport":2,"yearReport":2024,"revenue":9.15851554761E11,"revenueGrowth":0.8285294984,"roa":0.0405568385,"roe":0.0982906278,"grossMargin":0.6076481496831961,"isa3":9.15851554761E11,"isa3Growth":0.8285294984,"npatMi":2.79206679897E11,"npatMiGrowth":1.38849234,"npatMiMargin":0.304860191,"cash":3.903157759657E12,"shortTermInvestment":1.7775135464006E13,"receivables":9.31122579216E11,"inventory":0.0,"longTermInvestments":0.0,"totalAsset":2.3105371788635E13,"otherAssets":4.95955985756E11,"totalDebtsLiabilities":1.4246851580952E13,"totalDebts":1.2392104E13,"shortTermDebts":1.2392104E13,"longTermDebts":0.0,"totalEquity":8.858520207683E12,"otherLiabilities":1.854747580952E12,"cfo":6.71029035938E11,"assetTurnover":0.054149726,"currentRatio":1.6922135652,"quickRatio":1.6922135652,"debtPerEquity":1.3988909783,"casaRatio":null,"balancesWithTheSBV":null,"dueFromFIs":null,"netCustomerLoans":null,"investmentSecurities":null,"bsb113":null,"llr":null,"netInterestMargin":0.0,"totalEquityTotalAsset":0.0,"ldrLoanDepositRatio":0.0,"npl":0.0,"cir":0.0,"depositGrowth":null,"loanGrowth":null,"updateDate":"2024-08-15T11:14:30.52"},{"ticker":"VCI","quarter":"Q3 2024","closingPrice":36435.76,"tradingTime":1727654400,"lengthReport":3,"yearReport":2024,"revenue":9.74360554621E11,"revenueGrowth":0.4614963079,"roa":0.0406007516,"roe":0.0986732597,"grossMargin":0.5195410528240298,"isa3":9.74360554621E11,"isa3Growth":0.4614963079,"npatMi":2.15352225175E11,"npatMiGrowth":0.2030637199,"npatMiMargin":0.2210190305,"cash":2.54351654776E12,"shortTermInvestment":1.7408880681428E13,"receivables":2.35746508338E11,"inventory":0.0,"longTermInvestments":0.0,"totalAsset":2.0415163097637E13,"otherAssets":2.27019360111E11,"totalDebtsLiabilities":1.1773110802191E13,"totalDebts":1.0832654E13,"shortTermDebts":1.0832654E13,"longTermDebts":0.0,"totalEquity":8.642052295446E12,"otherLiabilities":9.40456802191E11,"cfo":4.98190090331E11,"assetTurnover":0.0459896615,"currentRatio":1.8179905925,"quickRatio":1.8179905925,"debtPerEquity":1.2534816534,"casaRatio":null,"balancesWithTheSBV":null,"dueFromFIs":null,"netCustomerLoans":null,"investmentSecurities":null,"bsb113":null,"llr":null,"netInterestMargin":0.0,"totalEquityTotalAsset":0.0,"ldrLoanDepositRatio":0.0,"npl":0.0,"cir":0.0,"depositGrowth":null,"loanGrowth":null,"updateDate":"2024-10-21T09:00:00.63"},{"ticker":"VCI","quarter":"Q4 2024","closingPrice":32960.96,"tradingTime":1735603200,"lengthReport":4,"yearReport":2024,"revenue":9.98995850627E11,"revenueGrowth":0.2399167095,"roa":0.0415392949,"roe":0.0896547509,"grossMargin":0.47958377194590046,"isa3":9.98995850627E11,"isa3Growth":0.2399167095,"npatMi":2.18376745828E11,"npatMiGrowth":0.7761354454,"npatMiMargin":0.2185962491,"cash":4.743771932745E12,"shortTermInvestment":2.1072524575199E13,"receivables":5.06858248065E11,"inventory":0.0,"longTermInvestments":0.0,"totalAsset":2.659212447924E13,"otherAssets":2.68969723231E11,"totalDebtsLiabilities":1.3647819031379E13,"totalDebts":1.2573864E13,"shortTermDebts":1.2573864E13,"longTermDebts":0.0,"totalEquity":1.2944305447861E13,"otherLiabilities":1.073955031379E12,"cfo":-3.551049144501E12,"assetTurnover":-0.2824151068,"currentRatio":2.0318207249,"quickRatio":2.0318207249,"debtPerEquity":0.9713818984,"casaRatio":null,"balancesWithTheSBV":null,"dueFromFIs":null,"netCustomerLoans":null,"investmentSecurities":null,"bsb113":null,"llr":null,"netInterestMargin":0.0,"totalEquityTotalAsset":0.0,"ldrLoanDepositRatio":0.0,"npl":0.0,"cir":0.0,"depositGrowth":null,"loanGrowth":null,"updateDate":"2025-03-28T11:30:30.41"},{"ticker":"VCI","quarter":"Q1 2025","closingPrice":38300.0,"tradingTime":1743379200,"lengthReport":1,"yearReport":2025,"revenue":8.50928963332E11,"revenueGrowth":0.0553275785,"roa":0.0429582428,"roe":0.0936946818,"grossMargin":0.631201462024323,"isa3":8.50928963332E11,"isa3Growth":0.0553275785,"npatMi":2.94867782406E11,"npatMiGrowth":0.4910652165,"npatMiMargin":0.3465245574,"cash":2.302263974886E12,"shortTermInvestment":1.9710214115776E13,"receivables":1.256719415203E12,"inventory":0.0,"longTermInvestments":0.0,"totalAsset":2.3727625262449E13,"otherAssets":4.58427756584E11,"totalDebtsLiabilities":1.1147502674864E13,"totalDebts":1.031084E13,"shortTermDebts":1.031084E13,"longTermDebts":0.0,"totalEquity":1.2580122587585E13,"otherLiabilities":8.36662674864E11,"cfo":1.0325858831E10,"assetTurnover":0.0010014566,"currentRatio":2.2136337976,"quickRatio":2.2136337976,"debtPerEquity":0.8196136348,"casaRatio":null,"balancesWithTheSBV":null,"dueFromFIs":null,"netCustomerLoans":null,"investmentSecurities":null,"bsb113":null,"llr":null,"netInterestMargin":0.0,"totalEquityTotalAsset":0.0,"ldrLoanDepositRatio":0.0,"npl":0.0,"cir":0.0,"depositGrowth":null,"loanGrowth":null,"updateDate":"2025-04-21T09:00:01.367"},{"ticker":"VCI","quarter":"Q2 2025","closingPrice":35750.0,"tradingTime":1751241600,"lengthReport":2,"yearReport":2025,"revenue":1.15967486634E12,"revenueGrowth":0.2662257986,"roa":null,"roe":null,"grossMargin":0.334073672549022,"isa3":1.15967486634E12,"isa3Growth":0.2662257986,"npatMi":1.8390183689E11,"npatMiGrowth":-0.3413415576,"npatMiMargin":0.1585805144,"cash":4.72276928356E11,"shortTermInvestment":2.0797460372646E13,"receivables":3.39960464823E11,"inventory":0.0,"longTermInvestments":0.0,"totalAsset":2.1897761800316E13,"otherAssets":2.88064034491E11,"totalDebtsLiabilities":9.45870605392E12,"totalDebts":8.6183E12,"shortTermDebts":8.6183E12,"longTermDebts":0.0,"totalEquity":1.2439055746396E13,"otherLiabilities":8.4040605392E11,"cfo":-1.19505295518E11,"assetTurnover":-0.0138664581,"currentRatio":null,"quickRatio":null,"debtPerEquity":0.692841979,"casaRatio":null,"balancesWithTheSBV":null,"dueFromFIs":null,"netCustomerLoans":null,"investmentSecurities":null,"bsb113":null,"llr":null,"netInterestMargin":0.0,"totalEquityTotalAsset":0.0,"ldrLoanDepositRatio":0.0,"npl":0.0,"cir":0.0,"depositGrowth":null,"loanGrowth":null,"updateDate":"2025-08-14T15:59:33.46"},{"ticker":"VCI","quarter":"Q3 2025","closingPrice":43450.0,"tradingTime":1759190400,"lengthReport":3,"yearReport":2025,"revenue":1.443289075867E12,"revenueGrowth":0.4812679649,"roa":0.0438478126,"roe":0.0882742304,"grossMargin":0.5250327082866588,"isa3":1.443289075867E12,"isa3Growth":0.4812679649,"npatMi":4.20260805822E11,"npatMiGrowth":0.9515043575,"npatMiMargin":0.2911826971,"cash":2.637051863422E12,"shortTermInvestment":2.6298523385603E13,"receivables":2.88226042934E11,"inventory":0.0,"longTermInvestments":0.0,"totalAsset":2.9717532042853E13,"otherAssets":4.93730750894E11,"totalDebtsLiabilities":1.7047567491881E13,"totalDebts":1.5867226E13,"shortTermDebts":1.5867226E13,"longTermDebts":0.0,"totalEquity":1.2669964550972E13,"otherLiabilities":1.180341491881E12,"cfo":-5.129888190051E12,"assetTurnover":-0.3233008839,"currentRatio":1.7701991425,"quickRatio":1.7701991425,"debtPerEquity":1.252349676,"casaRatio":null,"balancesWithTheSBV":null,"dueFromFIs":null,"netCustomerLoans":null,"investmentSecurities":null,"bsb113":null,"llr":null,"netInterestMargin":0.0,"totalEquityTotalAsset":0.0,"ldrLoanDepositRatio":0.0,"npl":0.0,"cir":0.0,"depositGrowth":null,"loanGrowth":null,"updateDate":"2025-10-16T09:48:46.157"}]}