{
  "symbol": "VIB.VN",
  "timestamp": "2026-01-09T18:25:50.960248",
  "quarterly": {
    "symbol": "VIB.VN",
    "timestamp": "2026-01-09T18:25:51.268325",
    "quarterly_financials": {
      "2025-06-30 00:00:00": {
        "Tax Effect Of Unusual Items": 0.0,
        "Tax Rate For Calcs": 0.199994,
        "Net Income From Continuing Operation Net Minority Interest": 2076469000000.0,
        "Reconciled Depreciation": null,
        "Net Interest Income": 3968694000000.0,
        "Interest Expense": 4731334000000.0,
        "Interest Income": 8700028000000.0,
        "Normalized Income": 2076469000000.0,
        "Net Income From Continuing And Discontinued Operation": 2076469000000.0,
        "Diluted Average Shares": 3396233372.0,
        "Basic Average Shares": 3396233372.0,
        "Diluted EPS": 611.403509,
        "Basic EPS": 611.403509,
        "Diluted NI Availto Com Stockholders": 2076469000000.0,
        "Net Income Common Stockholders": 2076469000000.0,
        "Net Income": 2076469000000.0,
        "Net Income Including Noncontrolling Interests": 2076469000000.0,
        "Net Income Continuous Operations": 2076469000000.0,
        "Tax Provision": 519097000000.0,
        "Pretax Income": 2595566000000.0,
        "Gain On Sale Of Security": null,
        "Operating Expense": 2005810000000.0,
        "Other Operating Expenses": 2005810000000.0,
        "Depreciation And Amortization In Income Statement": null,
        "Depreciation Income Statement": null,
        "Selling General And Administration": null,
        "General And Administrative Expense": null,
        "Insurance And Claims": null,
        "Rent And Landing Fees": null,
        "Total Revenue": 5236913000000.0,
        "Operating Revenue": 5236913000000.0
      },
      "2025-03-31 00:00:00": {
        "Tax Effect Of Unusual Items": 0.0,
        "Tax Rate For Calcs": 0.200069,
        "Net Income From Continuing Operation Net Minority Interest": 1936464000000.0,
        "Reconciled Depreciation": 40437000000.0,
        "Net Interest Income": 3737109000000.0,
        "Interest Expense": 4657449000000.0,
        "Interest Income": 8394558000000.0,
        "Normalized Income": 1936464000000.0,
        "Net Income From Continuing And Discontinued Operation": 1936464000000.0,
        "Diluted Average Shares": 3396205709.0,
        "Basic Average Shares": 3396205709.0,
        "Diluted EPS": 570.175439,
        "Basic EPS": 570.175439,
        "Diluted NI Availto Com Stockholders": 1936464000000.0,
        "Net Income Common Stockholders": 1936464000000.0,
        "Net Income": 1936464000000.0,
        "Net Income Including Noncontrolling Interests": 1936464000000.0,
        "Net Income Continuous Operations": 1936464000000.0,
        "Tax Provision": 484324000000.0,
        "Pretax Income": 2420788000000.0,
        "Gain On Sale Of Security": null,
        "Operating Expense": 1764428000000.0,
        "Other Operating Expenses": 16523000000.0,
        "Depreciation And Amortization In Income Statement": 40437000000.0,
        "Depreciation Income Statement": 40437000000.0,
        "Selling General And Administration": 168174000000.0,
        "General And Administrative Expense": 168174000000.0,
        "Insurance And Claims": 65512000000.0,
        "Rent And Landing Fees": 228325000000.0,
        "Total Revenue": 4264271000000.0,
        "Operating Revenue": 4264271000000.0
      },
      "2024-12-31 00:00:00": {
        "Tax Effect Of Unusual Items": 0.0,
        "Tax Rate For Calcs": 0.199874,
        "Net Income From Continuing Operation Net Minority Interest": 1921190000000.0,
        "Reconciled Depreciation": null,
        "Net Interest Income": 3916365000000.0,
        "Interest Expense": 4351857000000.0,
        "Interest Income": 8268222000000.0,
        "Normalized Income": 1921190000000.0,
        "Net Income From Continuing And Discontinued Operation": 1921190000000.0,
        "Diluted Average Shares": 3395591628.0,
        "Basic Average Shares": 3395591628.0,
        "Diluted EPS": 565.789474,
        "Basic EPS": 565.789474,
        "Diluted NI Availto Com Stockholders": 1921190000000.0,
        "Net Income Common Stockholders": 1921190000000.0,
        "Net Income": 1921190000000.0,
        "Net Income Including Noncontrolling Interests": 1921190000000.0,
        "Net Income Continuous Operations": 1921190000000.0,
        "Tax Provision": 479919000000.0,
        "Pretax Income": 2401109000000.0,
        "Gain On Sale Of Security": null,
        "Operating Expense": 1868724000000.0,
        "Other Operating Expenses": 1868724000000.0,
        "Depreciation And Amortization In Income Statement": null,
        "Depreciation Income Statement": null,
        "Selling General And Administration": null,
        "General And Administrative Expense": null,
        "Insurance And Claims": null,
        "Rent And Landing Fees": null,
        "Total Revenue": 5392349000000.0,
        "Operating Revenue": 5392349000000.0
      },
      "2024-09-30 00:00:00": {
        "Tax Effect Of Unusual Items": 0.0,
        "Tax Rate For Calcs": 0.199672,
        "Net Income From Continuing Operation Net Minority Interest": 1599173000000.0,
        "Reconciled Depreciation": null,
        "Net Interest Income": 4059739000000.0,
        "Interest Expense": 3985082000000.0,
        "Interest Income": 8044821000000.0,
        "Normalized Income": 1599173000000.0,
        "Net Income From Continuing And Discontinued Operation": 1599173000000.0,
        "Diluted Average Shares": 3394892402.0,
        "Basic Average Shares": 3394892402.0,
        "Diluted EPS": 471.052632,
        "Basic EPS": 471.052632,
        "Diluted NI Availto Com Stockholders": 1599173000000.0,
        "Net Income Common Stockholders": 1599173000000.0,
        "Net Income": 1599173000000.0,
        "Net Income Including Noncontrolling Interests": 1599173000000.0,
        "Net Income Continuous Operations": 1599173000000.0,
        "Tax Provision": 398974000000.0,
        "Pretax Income": 1998147000000.0,
        "Gain On Sale Of Security": 69278000000.0,
        "Operating Expense": 1842508000000.0,
        "Other Operating Expenses": 1842508000000.0,
        "Depreciation And Amortization In Income Statement": null,
        "Depreciation Income Statement": null,
        "Selling General And Administration": null,
        "General And Administrative Expense": null,
        "Insurance And Claims": null,
        "Rent And Landing Fees": null,
        "Total Revenue": 4992878000000.0,
        "Operating Revenue": 4992878000000.0
      },
      "2024-06-30 00:00:00": {
        "Tax Effect Of Unusual Items": 0.0,
        "Tax Rate For Calcs": 0.199777,
        "Net Income From Continuing Operation Net Minority Interest": 1682962000000.0,
        "Reconciled Depreciation": null,
        "Net Interest Income": 4316913000000.0,
        "Interest Expense": 3725636000000.0,
        "Interest Income": 8042549000000.0,
        "Normalized Income": 1682962000000.0,
        "Net Income From Continuing And Discontinued Operation": 1682962000000.0,
        "Diluted Average Shares": 3395710938.0,
        "Basic Average Shares": 3395710938.0,
        "Diluted EPS": 495.614035,
        "Basic EPS": 495.614035,
        "Diluted NI Availto Com Stockholders": 1682962000000.0,
        "Net Income Common Stockholders": 1682962000000.0,
        "Net Income": 1682962000000.0,
        "Net Income Including Noncontrolling Interests": 1682962000000.0,
        "Net Income Continuous Operations": 1682962000000.0,
        "Tax Provision": 420153000000.0,
        "Pretax Income": 2103115000000.0,
        "Gain On Sale Of Security": 24485000000.0,
        "Operating Expense": 1838698000000.0,
        "Other Operating Expenses": 1838698000000.0,
        "Depreciation And Amortization In Income Statement": null,
        "Depreciation Income Statement": null,
        "Selling General And Administration": null,
        "General And Administrative Expense": null,
        "Insurance And Claims": null,
        "Rent And Landing Fees": null,
        "Total Revenue": 5071298000000.0,
        "Operating Revenue": 5071298000000.0
      }
    },
    "quarterly_balance_sheet": {
      "2025-06-30 00:00:00": {
        "Ordinary Shares Number": 3396205709.0,
        "Share Issued": 3396205709.0,
        "Net Debt": 8467336000000.0,
        "Total Debt": 57177643000000.0,
        "Tangible Book Value": 43342274000000.0,
        "Invested Capital": 100805384000000.0,
        "Net Tangible Assets": 43342274000000.0,
        "Common Stock Equity": 43627741000000.0,
        "Total Capitalization": 100805384000000.0,
        "Total Equity Gross Minority Interest": 43627741000000.0,
        "Stockholders Equity": 43627741000000.0,
        "Retained Earnings": 8072070000000.0,
        "Additional Paid In Capital": 1767000000.0,
        "Capital Stock": 29791278000000.0,
        "Common Stock": 29791278000000.0,
        "Total Liabilities Net Minority Interest": 487281283000000.0,
        "Derivative Product Liabilities": 47047000000.0,
        "Long Term Debt And Capital Lease Obligation": 57177643000000.0,
        "Payables": 10573484000000.0,
        "Other Payable": 6679437000000.0,
        "Dividends Payable": 7207000000.0,
        "Total Tax Payable": 856572000000.0,
        "Accounts Payable": 3030268000000.0,
        "Total Assets": 530909024000000.0,
        "Investments And Advances": 67286771000000.0,
        "Investmentin Financial Assets": 67217314000000.0,
        "Held To Maturity Securities": 0.0,
        "Available For Sale Securities": 67210426000000.0,
        "Long Term Equity Investment": 69457000000.0,
        "Investments In Other Ventures Under Equity Method": 69457000000.0,
        "Investment Properties": 2290000000.0,
        "Goodwill And Other Intangible Assets": 285467000000.0,
        "Other Intangible Assets": 285467000000.0,
        "Net PPE": 490929000000.0,
        "Accumulated Depreciation": -786622000000.0,
        "Gross PPE": 1277551000000.0,
        "Other Properties": 207353000000.0,
        "Machinery Furniture Equipment": 961118000000.0,
        "Buildings And Improvements": 109080000000.0,
        "Receivables": 5131438000000.0,
        "Cash And Cash Equivalents": 48710307000000.0,
        "Cash Equivalents": 94000000.0,
        "Cash Financial": 1843355000000.0,
        "Cash Cash Equivalents And Federal Funds Sold": 48710307000000.0
      },
      "2025-03-31 00:00:00": {
        "Ordinary Shares Number": 3396205709.0,
        "Share Issued": 3396205709.0,
        "Net Debt": null,
        "Total Debt": 47906407000000.0,
        "Tangible Book Value": 43350391000000.0,
        "Invested Capital": 91549674000000.0,
        "Net Tangible Assets": 43350391000000.0,
        "Common Stock Equity": 43643267000000.0,
        "Total Capitalization": 91549674000000.0,
        "Total Equity Gross Minority Interest": 43643267000000.0,
        "Stockholders Equity": 43643267000000.0,
        "Retained Earnings": 8090540000000.0,
        "Additional Paid In Capital": 1767000000.0,
        "Capital Stock": 29791278000000.0,
        "Common Stock": 29791278000000.0,
        "Total Liabilities Net Minority Interest": 452084110000000.0,
        "Derivative Product Liabilities": null,
        "Long Term Debt And Capital Lease Obligation": 47906407000000.0,
        "Payables": 9482305000000.0,
        "Other Payable": 5916850000000.0,
        "Dividends Payable": 6662000000.0,
        "Total Tax Payable": 533371000000.0,
        "Accounts Payable": 3025422000000.0,
        "Total Assets": 495727377000000.0,
        "Investments And Advances": 49937833000000.0,
        "Investmentin Financial Assets": 49868376000000.0,
        "Held To Maturity Securities": 0.0,
        "Available For Sale Securities": 49438602000000.0,
        "Long Term Equity Investment": 69457000000.0,
        "Investments In Other Ventures Under Equity Method": 69457000000.0,
        "Investment Properties": 2325000000.0,
        "Goodwill And Other Intangible Assets": 292876000000.0,
        "Other Intangible Assets": 292876000000.0,
        "Net PPE": 500345000000.0,
        "Accumulated Depreciation": -774450000000.0,
        "Gross PPE": 1274795000000.0,
        "Other Properties": 206380000000.0,
        "Machinery Furniture Equipment": 959827000000.0,
        "Buildings And Improvements": 108588000000.0,
        "Receivables": 5130119000000.0,
        "Cash And Cash Equivalents": 50393346000000.0,
        "Cash Equivalents": 94000000.0,
        "Cash Financial": 1646862000000.0,
        "Cash Cash Equivalents And Federal Funds Sold": 50393346000000.0
      },
      "2024-12-31 00:00:00": {
        "Ordinary Shares Number": 3396205709.0,
        "Share Issued": 3396205709.0,
        "Net Debt": null,
        "Total Debt": 51954797000000.0,
        "Tangible Book Value": 41559746000000.0,
        "Invested Capital": 93816606000000.0,
        "Net Tangible Assets": 41559746000000.0,
        "Common Stock Equity": 41861809000000.0,
        "Total Capitalization": 93816606000000.0,
        "Total Equity Gross Minority Interest": 41861809000000.0,
        "Stockholders Equity": 41861809000000.0,
        "Retained Earnings": 7735420000000.0,
        "Additional Paid In Capital": 1767000000.0,
        "Capital Stock": 29791278000000.0,
        "Common Stock": 29791278000000.0,
        "Total Liabilities Net Minority Interest": 451296561000000.0,
        "Derivative Product Liabilities": null,
        "Long Term Debt And Capital Lease Obligation": 51954797000000.0,
        "Payables": 9455827000000.0,
        "Other Payable": 5397999000000.0,
        "Dividends Payable": 6761000000.0,
        "Total Tax Payable": 1367507000000.0,
        "Accounts Payable": 2683560000000.0,
        "Total Assets": 493158370000000.0,
        "Investments And Advances": 51244420000000.0,
        "Investmentin Financial Assets": 51174963000000.0,
        "Held To Maturity Securities": 0.0,
        "Available For Sale Securities": 50344312000000.0,
        "Long Term Equity Investment": 69457000000.0,
        "Investments In Other Ventures Under Equity Method": 69457000000.0,
        "Investment Properties": 2360000000.0,
        "Goodwill And Other Intangible Assets": 302063000000.0,
        "Other Intangible Assets": 302063000000.0,
        "Net PPE": 493206000000.0,
        "Accumulated Depreciation": -759301000000.0,
        "Gross PPE": 1252507000000.0,
        "Other Properties": 209120000000.0,
        "Machinery Furniture Equipment": 934635000000.0,
        "Buildings And Improvements": 108752000000.0,
        "Receivables": 4715994000000.0,
        "Cash And Cash Equivalents": 61395986000000.0,
        "Cash Equivalents": 94000000.0,
        "Cash Financial": 1639274000000.0,
        "Cash Cash Equivalents And Federal Funds Sold": 61395986000000.0
      },
      "2024-09-30 00:00:00": {
        "Ordinary Shares Number": 3396205709.0,
        "Share Issued": 3396205709.0,
        "Net Debt": null,
        "Total Debt": 44140170000000.0,
        "Tangible Book Value": 39637595000000.0,
        "Invested Capital": 84082255000000.0,
        "Net Tangible Assets": 39637595000000.0,
        "Common Stock Equity": 39942085000000.0,
        "Total Capitalization": 84082255000000.0,
        "Total Equity Gross Minority Interest": 39942085000000.0,
        "Stockholders Equity": 39942085000000.0,
        "Retained Earnings": 5823424000000.0,
        "Additional Paid In Capital": 1767000000.0,
        "Capital Stock": 29791278000000.0,
        "Common Stock": 29791278000000.0,
        "Total Liabilities Net Minority Interest": 405435509000000.0,
        "Derivative Product Liabilities": 262282000000.0,
        "Long Term Debt And Capital Lease Obligation": 44140170000000.0,
        "Payables": 10375314000000.0,
        "Other Payable": 6273820000000.0,
        "Dividends Payable": 6786000000.0,
        "Total Tax Payable": 894650000000.0,
        "Accounts Payable": 3200058000000.0,
        "Total Assets": 445377594000000.0,
        "Investments And Advances": 57989319000000.0,
        "Investmentin Financial Assets": 57919862000000.0,
        "Held To Maturity Securities": 42380000000.0,
        "Available For Sale Securities": 57867197000000.0,
        "Long Term Equity Investment": 69457000000.0,
        "Investments In Other Ventures Under Equity Method": 69457000000.0,
        "Investment Properties": 2395000000.0,
        "Goodwill And Other Intangible Assets": 304490000000.0,
        "Other Intangible Assets": 304490000000.0,
        "Net PPE": 496425000000.0,
        "Accumulated Depreciation": -734468000000.0,
        "Gross PPE": 1230893000000.0,
        "Other Properties": 209610000000.0,
        "Machinery Furniture Equipment": 912655000000.0,
        "Buildings And Improvements": 108628000000.0,
        "Receivables": 4206839000000.0,
        "Cash And Cash Equivalents": 45982187000000.0,
        "Cash Equivalents": 94000000.0,
        "Cash Financial": 1624953000000.0,
        "Cash Cash Equivalents And Federal Funds Sold": 45982187000000.0
      },
      "2024-06-30 00:00:00": {
        "Ordinary Shares Number": 3383593888.0,
        "Share Issued": 3383593888.0,
        "Net Debt": null,
        "Total Debt": 37545993000000.0,
        "Tangible Book Value": 38046510000000.0,
        "Invested Capital": 75896422000000.0,
        "Net Tangible Assets": 38046510000000.0,
        "Common Stock Equity": 38350429000000.0,
        "Total Capitalization": 75896422000000.0,
        "Total Equity Gross Minority Interest": 38350429000000.0,
        "Stockholders Equity": 38350429000000.0,
        "Retained Earnings": 8224401000000.0,
        "Additional Paid In Capital": 1633000000.0,
        "Capital Stock": 25368075000000.0,
        "Common Stock": 25368075000000.0,
        "Total Liabilities Net Minority Interest": 392611651000000.0,
        "Derivative Product Liabilities": 669968000000.0,
        "Long Term Debt And Capital Lease Obligation": 37545993000000.0,
        "Payables": 10006820000000.0,
        "Other Payable": 6164005000000.0,
        "Dividends Payable": 7563000000.0,
        "Total Tax Payable": 911814000000.0,
        "Accounts Payable": 2923438000000.0,
        "Total Assets": 430962080000000.0,
        "Investments And Advances": 28822097000000.0,
        "Investmentin Financial Assets": 28752640000000.0,
        "Held To Maturity Securities": 42380000000.0,
        "Available For Sale Securities": 28699713000000.0,
        "Long Term Equity Investment": 69457000000.0,
        "Investments In Other Ventures Under Equity Method": 69457000000.0,
        "Investment Properties": 2431000000.0,
        "Goodwill And Other Intangible Assets": 303919000000.0,
        "Other Intangible Assets": 303919000000.0,
        "Net PPE": 486664000000.0,
        "Accumulated Depreciation": -706380000000.0,
        "Gross PPE": 1193044000000.0,
        "Other Properties": 209779000000.0,
        "Machinery Furniture Equipment": 875606000000.0,
        "Buildings And Improvements": 107659000000.0,
        "Receivables": 4487899000000.0,
        "Cash And Cash Equivalents": 69577114000000.0,
        "Cash Equivalents": 94000000.0,
        "Cash Financial": 1703774000000.0,
        "Cash Cash Equivalents And Federal Funds Sold": 69577114000000.0
      }
    },
    "quarterly_cash_flow": {
      "2025-06-30 00:00:00": {
        "Free Cash Flow": 401317000000.0,
        "Issuance Of Capital Stock": null,
        "Capital Expenditure": -23935000000.0,
        "End Cash Position": 48710307000000.0,
        "Beginning Cash Position": 50393346000000.0,
        "Changes In Cash": -1683039000000.0,
        "Financing Cash Flow": -2085389000000.0,
        "Cash Dividends Paid": null,
        "Common Stock Dividend Paid": null,
        "Net Common Stock Issuance": null,
        "Common Stock Issuance": null,
        "Investing Cash Flow": -22902000000.0,
        "Dividends Received Cfi": null,
        "Net PPE Purchase And Sale": -23002000000.0,
        "Sale Of PPE": 933000000.0,
        "Purchase Of PPE": -23935000000.0,
        "Operating Cash Flow": 425252000000.0,
        "Cash Flowsfromusedin Operating Activities Direct": 425252000000.0,
        "Classesof Cash Payments": -38841040000000.0,
        "Other Cash Paymentsfrom Operating Activities": -18047287000000.0,
        "Paymentson Behalfof Employees": -1725940000000.0,
        "Classesof Cash Receiptsfrom Operating Activities": 39266292000000.0,
        "Other Cash Receiptsfrom Operating Activities": 1872923000000.0
      },
      "2025-03-31 00:00:00": {
        "Free Cash Flow": -11003170000000.0,
        "Issuance Of Capital Stock": null,
        "Capital Expenditure": -38718000000.0,
        "End Cash Position": 50393346000000.0,
        "Beginning Cash Position": 61395986000000.0,
        "Changes In Cash": -11002640000000.0,
        "Financing Cash Flow": 0.0,
        "Cash Dividends Paid": null,
        "Common Stock Dividend Paid": null,
        "Net Common Stock Issuance": null,
        "Common Stock Issuance": null,
        "Investing Cash Flow": -38188000000.0,
        "Dividends Received Cfi": null,
        "Net PPE Purchase And Sale": -38188000000.0,
        "Sale Of PPE": 530000000.0,
        "Purchase Of PPE": -38718000000.0,
        "Operating Cash Flow": -10964452000000.0,
        "Cash Flowsfromusedin Operating Activities Direct": -10964452000000.0,
        "Classesof Cash Payments": -31123761000000.0,
        "Other Cash Paymentsfrom Operating Activities": -1272022000000.0,
        "Paymentson Behalfof Employees": -2010121000000.0,
        "Classesof Cash Receiptsfrom Operating Activities": 20159309000000.0,
        "Other Cash Receiptsfrom Operating Activities": 1164783000000.0
      },
      "2024-12-31 00:00:00": {
        "Free Cash Flow": 15413799000000.0,
        "Issuance Of Capital Stock": 0.0,
        "Capital Expenditure": -41795000000.0,
        "End Cash Position": 61395986000000.0,
        "Beginning Cash Position": 45982187000000.0,
        "Changes In Cash": 15413799000000.0,
        "Financing Cash Flow": 0.0,
        "Cash Dividends Paid": 0.0,
        "Common Stock Dividend Paid": 0.0,
        "Net Common Stock Issuance": 0.0,
        "Common Stock Issuance": 0.0,
        "Investing Cash Flow": -41795000000.0,
        "Dividends Received Cfi": 0.0,
        "Net PPE Purchase And Sale": -41795000000.0,
        "Sale Of PPE": 0.0,
        "Purchase Of PPE": -41795000000.0,
        "Operating Cash Flow": 15455594000000.0,
        "Cash Flowsfromusedin Operating Activities Direct": 15455594000000.0,
        "Classesof Cash Payments": -47269241000000.0,
        "Other Cash Paymentsfrom Operating Activities": -1350579000000.0,
        "Paymentson Behalfof Employees": -1703102000000.0,
        "Classesof Cash Receiptsfrom Operating Activities": 62724835000000.0,
        "Other Cash Receiptsfrom Operating Activities": 199659000000.0
      },
      "2024-09-30 00:00:00": {
        "Free Cash Flow": -23598598000000.0,
        "Issuance Of Capital Stock": null,
        "Capital Expenditure": -57072000000.0,
        "End Cash Position": 45982187000000.0,
        "Beginning Cash Position": 69577114000000.0,
        "Changes In Cash": -23594927000000.0,
        "Financing Cash Flow": 135000000.0,
        "Cash Dividends Paid": 1000000.0,
        "Common Stock Dividend Paid": 1000000.0,
        "Net Common Stock Issuance": null,
        "Common Stock Issuance": null,
        "Investing Cash Flow": -53536000000.0,
        "Dividends Received Cfi": 3346000000.0,
        "Net PPE Purchase And Sale": -56882000000.0,
        "Sale Of PPE": 190000000.0,
        "Purchase Of PPE": -57072000000.0,
        "Operating Cash Flow": -23541526000000.0,
        "Cash Flowsfromusedin Operating Activities Direct": -23541526000000.0,
        "Classesof Cash Payments": -9820338000000.0,
        "Other Cash Paymentsfrom Operating Activities": 5254906000000.0,
        "Paymentson Behalfof Employees": -1725065000000.0,
        "Classesof Cash Receiptsfrom Operating Activities": -13721188000000.0,
        "Other Cash Receiptsfrom Operating Activities": -391380000000.0
      },
      "2024-06-30 00:00:00": {
        "Free Cash Flow": 7349074000000.0,
        "Issuance Of Capital Stock": null,
        "Capital Expenditure": -43607000000.0,
        "End Cash Position": 69577114000000.0,
        "Beginning Cash Position": 63876565000000.0,
        "Changes In Cash": 5700549000000.0,
        "Financing Cash Flow": -1648925000000.0,
        "Cash Dividends Paid": -1648925000000.0,
        "Common Stock Dividend Paid": -1648925000000.0,
        "Net Common Stock Issuance": null,
        "Common Stock Issuance": null,
        "Investing Cash Flow": -43207000000.0,
        "Dividends Received Cfi": null,
        "Net PPE Purchase And Sale": -43607000000.0,
        "Sale Of PPE": 0.0,
        "Purchase Of PPE": -43607000000.0,
        "Operating Cash Flow": 7392681000000.0,
        "Cash Flowsfromusedin Operating Activities Direct": 7392681000000.0,
        "Classesof Cash Payments": -39462389000000.0,
        "Other Cash Paymentsfrom Operating Activities": -7810994000000.0,
        "Paymentson Behalfof Employees": -1649848000000.0,
        "Classesof Cash Receiptsfrom Operating Activities": 46855070000000.0,
        "Other Cash Receiptsfrom Operating Activities": 2536901000000.0
      }
    }
  },
  "annual": {
    "symbol": "VIB.VN",
    "timestamp": "2026-01-09T18:25:51.790578",
    "annual_financials": {
      "2024-12-31 00:00:00": {
        "Tax Effect Of Unusual Items": 0.0,
        "Tax Rate For Calcs": 0.199886,
        "Net Income From Continuing Operation Net Minority Interest": 7204467000000.0,
        "Reconciled Depreciation": 186535000000.0,
        "Net Interest Income": 16750412000000.0,
        "Interest Expense": 15692526000000.0,
        "Interest Income": 32442938000000.0,
        "Normalized Income": 7204467000000.0,
        "Net Income From Continuing And Discontinued Operation": 7204467000000.0,
        "Diluted Average Shares": 3396205709.0,
        "Basic Average Shares": 3396205709.0,
        "Diluted EPS": 2092.105263,
        "Basic EPS": 2092.105263,
        "Diluted NI Availto Com Stockholders": 7104467000000.0,
        "Net Income Common Stockholders": 7104467000000.0,
        "Otherunder Preferred Stock Dividend": 100000000000.0,
        "Net Income": 7204467000000.0,
        "Net Income Including Noncontrolling Interests": 7204467000000.0,
        "Net Income Continuous Operations": 7204467000000.0,
        "Tax Provision": 1799833000000.0,
        "Pretax Income": 9004300000000.0,
        "Gain On Sale Of Security": null,
        "Operating Expense": 7242391000000.0,
        "Other Operating Expenses": 97122000000.0,
        "Depreciation And Amortization In Income Statement": 186535000000.0,
        "Depreciation Income Statement": 186535000000.0,
        "Selling General And Administration": 804697000000.0,
        "General And Administrative Expense": 804697000000.0,
        "Insurance And Claims": 242091000000.0,
        "Rent And Landing Fees": 1203466000000.0,
        "Total Revenue": 19349151000000.0,
        "Operating Revenue": 19349151000000.0
      },
      "2023-12-31 00:00:00": {
        "Tax Effect Of Unusual Items": 0.0,
        "Tax Rate For Calcs": 0.20001,
        "Net Income From Continuing Operation Net Minority Interest": 8563053000000.0,
        "Reconciled Depreciation": 165965000000.0,
        "Net Interest Income": 18484071000000.0,
        "Interest Expense": 18207116000000.0,
        "Interest Income": 36691187000000.0,
        "Normalized Income": 8563053000000.0,
        "Net Income From Continuing And Discontinued Operation": 8563053000000.0,
        "Diluted Average Shares": 3396205709.0,
        "Basic Average Shares": 3396205709.0,
        "Diluted EPS": 2488.596491,
        "Basic EPS": 2488.596491,
        "Diluted NI Availto Com Stockholders": 8452336000000.0,
        "Net Income Common Stockholders": 8452336000000.0,
        "Otherunder Preferred Stock Dividend": 110717000000.0,
        "Net Income": 8563053000000.0,
        "Net Income Including Noncontrolling Interests": 8563053000000.0,
        "Net Income Continuous Operations": 8563053000000.0,
        "Tax Provision": 2140892000000.0,
        "Pretax Income": 10703945000000.0,
        "Gain On Sale Of Security": 129326000000.0,
        "Operating Expense": 6641011000000.0,
        "Other Operating Expenses": 88337000000.0,
        "Depreciation And Amortization In Income Statement": 165965000000.0,
        "Depreciation Income Statement": 165965000000.0,
        "Selling General And Administration": 708544000000.0,
        "General And Administrative Expense": 708544000000.0,
        "Insurance And Claims": 203686000000.0,
        "Rent And Landing Fees": 1124254000000.0,
        "Total Revenue": 21494667000000.0,
        "Operating Revenue": 21494667000000.0
      },
      "2022-12-31 00:00:00": {
        "Tax Effect Of Unusual Items": 0.0,
        "Tax Rate For Calcs": 0.199634,
        "Net Income From Continuing Operation Net Minority Interest": 8468767000000.0,
        "Reconciled Depreciation": 144843000000.0,
        "Net Interest Income": 14962555000000.0,
        "Interest Expense": 12546784000000.0,
        "Interest Income": 27509339000000.0,
        "Normalized Income": 8468767000000.0,
        "Net Income From Continuing And Discontinued Operation": 8468767000000.0,
        "Diluted Average Shares": 3383593888.0,
        "Basic Average Shares": 3383593888.0,
        "Diluted EPS": 2473.384315,
        "Basic EPS": 2473.384315,
        "Diluted NI Availto Com Stockholders": 8368767000000.0,
        "Net Income Common Stockholders": 8368767000000.0,
        "Otherunder Preferred Stock Dividend": 100000000000.0,
        "Net Income": 8468767000000.0,
        "Net Income Including Noncontrolling Interests": 8468767000000.0,
        "Net Income Continuous Operations": 8468767000000.0,
        "Tax Provision": 2112348000000.0,
        "Pretax Income": 10581115000000.0,
        "Gain On Sale Of Security": -178618000000.0,
        "Operating Expense": 6200550000000.0,
        "Other Operating Expenses": 62280000000.0,
        "Depreciation And Amortization In Income Statement": 144843000000.0,
        "Depreciation Income Statement": 144843000000.0,
        "Selling General And Administration": 669316000000.0,
        "General And Administrative Expense": 669316000000.0,
        "Insurance And Claims": 176203000000.0,
        "Rent And Landing Fees": 1065525000000.0,
        "Total Revenue": 17681548000000.0,
        "Operating Revenue": 17681548000000.0
      },
      "2021-12-31 00:00:00": {
        "Tax Effect Of Unusual Items": 0.0,
        "Tax Rate For Calcs": 0.199883,
        "Net Income From Continuing Operation Net Minority Interest": 6409750000000.0,
        "Reconciled Depreciation": 117749000000.0,
        "Net Interest Income": 11816147000000.0,
        "Interest Expense": 9158864000000.0,
        "Interest Income": 20975011000000.0,
        "Normalized Income": 6409750000000.0,
        "Net Income From Continuing And Discontinued Operation": 6409750000000.0,
        "Diluted Average Shares": 4048148410.0,
        "Basic Average Shares": 4048148410.0,
        "Diluted EPS": 1549.978341,
        "Basic EPS": 1549.978341,
        "Diluted NI Availto Com Stockholders": 6316796000000.0,
        "Net Income Common Stockholders": 6316796000000.0,
        "Otherunder Preferred Stock Dividend": 92954000000.0,
        "Net Income": 6409750000000.0,
        "Net Income Including Noncontrolling Interests": 6409750000000.0,
        "Net Income Continuous Operations": 6409750000000.0,
        "Tax Provision": 1601262000000.0,
        "Pretax Income": 8011012000000.0,
        "Gain On Sale Of Security": 131778000000.0,
        "Operating Expense": 5242296000000.0,
        "Other Operating Expenses": 47285000000.0,
        "Depreciation And Amortization In Income Statement": 117749000000.0,
        "Depreciation Income Statement": 117749000000.0,
        "Selling General And Administration": 499743000000.0,
        "General And Administrative Expense": 499743000000.0,
        "Insurance And Claims": 158915000000.0,
        "Rent And Landing Fees": 824712000000.0,
        "Total Revenue": 14683326000000.0,
        "Operating Revenue": 14683326000000.0
      }
    },
    "annual_balance_sheet": {
      "2024-12-31 00:00:00": {
        "Ordinary Shares Number": 3396205709.0,
        "Share Issued": 3396205709.0,
        "Net Debt": null,
        "Total Debt": 51954797000000.0,
        "Tangible Book Value": 41559746000000.0,
        "Invested Capital": 93816606000000.0,
        "Net Tangible Assets": 41559746000000.0,
        "Common Stock Equity": 41861809000000.0,
        "Total Capitalization": 93816606000000.0,
        "Total Equity Gross Minority Interest": 41861809000000.0,
        "Stockholders Equity": 41861809000000.0,
        "Other Equity Interest": null,
        "Retained Earnings": 7735420000000.0,
        "Additional Paid In Capital": 1767000000.0,
        "Capital Stock": 29791278000000.0,
        "Common Stock": 29791278000000.0,
        "Total Liabilities Net Minority Interest": 451296561000000.0,
        "Derivative Product Liabilities": null,
        "Long Term Debt And Capital Lease Obligation": 51954797000000.0,
        "Payables": 9455827000000.0,
        "Other Payable": 5397999000000.0,
        "Dividends Payable": 6761000000.0,
        "Total Tax Payable": 1367507000000.0,
        "Accounts Payable": 2683560000000.0,
        "Total Assets": 493158370000000.0,
        "Investments And Advances": 51244420000000.0,
        "Investmentin Financial Assets": 51174963000000.0,
        "Held To Maturity Securities": 0.0,
        "Available For Sale Securities": 50344312000000.0,
        "Long Term Equity Investment": 69457000000.0,
        "Investments In Other Ventures Under Equity Method": 69457000000.0,
        "Investment Properties": 2360000000.0,
        "Goodwill And Other Intangible Assets": 302063000000.0,
        "Other Intangible Assets": 302063000000.0,
        "Net PPE": 493206000000.0,
        "Accumulated Depreciation": -759301000000.0,
        "Gross PPE": 1252507000000.0,
        "Other Properties": 209120000000.0,
        "Machinery Furniture Equipment": 934635000000.0,
        "Buildings And Improvements": 108752000000.0,
        "Receivables": 4715994000000.0,
        "Cash And Cash Equivalents": 61395986000000.0,
        "Cash Equivalents": 94000000.0,
        "Cash Financial": 1639274000000.0,
        "Cash Cash Equivalents And Federal Funds Sold": 61395986000000.0
      },
      "2023-12-31 00:00:00": {
        "Ordinary Shares Number": 3383593888.0,
        "Share Issued": 3383593888.0,
        "Net Debt": null,
        "Total Debt": 47788016000000.0,
        "Tangible Book Value": 37650129000000.0,
        "Invested Capital": 85727603000000.0,
        "Net Tangible Assets": 37650129000000.0,
        "Common Stock Equity": 37939587000000.0,
        "Total Capitalization": 85727603000000.0,
        "Total Equity Gross Minority Interest": 37939587000000.0,
        "Stockholders Equity": 37939587000000.0,
        "Other Equity Interest": 25368075000000.0,
        "Retained Earnings": 9099471000000.0,
        "Additional Paid In Capital": 1633000000.0,
        "Capital Stock": 25368075000000.0,
        "Common Stock": 25368075000000.0,
        "Total Liabilities Net Minority Interest": 371941786000000.0,
        "Derivative Product Liabilities": null,
        "Long Term Debt And Capital Lease Obligation": 47788016000000.0,
        "Payables": 11496985000000.0,
        "Other Payable": 6458484000000.0,
        "Dividends Payable": 4848000000.0,
        "Total Tax Payable": 1531098000000.0,
        "Accounts Payable": 3502555000000.0,
        "Total Assets": 409881373000000.0,
        "Investments And Advances": 61230912000000.0,
        "Investmentin Financial Assets": 61161455000000.0,
        "Held To Maturity Securities": 33586000000.0,
        "Available For Sale Securities": 60954778000000.0,
        "Long Term Equity Investment": 69457000000.0,
        "Investments In Other Ventures Under Equity Method": 69457000000.0,
        "Investment Properties": 2501000000.0,
        "Goodwill And Other Intangible Assets": 289458000000.0,
        "Other Intangible Assets": 289458000000.0,
        "Net PPE": 466709000000.0,
        "Accumulated Depreciation": -652962000000.0,
        "Gross PPE": 1119671000000.0,
        "Other Properties": 194306000000.0,
        "Machinery Furniture Equipment": 818610000000.0,
        "Buildings And Improvements": 106755000000.0,
        "Receivables": 6687462000000.0,
        "Cash And Cash Equivalents": 66280997000000.0,
        "Cash Equivalents": 20000000.0,
        "Cash Financial": 1681051000000.0,
        "Cash Cash Equivalents And Federal Funds Sold": 66280997000000.0
      },
      "2022-12-31 00:00:00": {
        "Ordinary Shares Number": null,
        "Share Issued": null,
        "Net Debt": 18150053000000.0,
        "Total Debt": 56991640000000.0,
        "Tangible Book Value": 32359122000000.0,
        "Invested Capital": 89642682000000.0,
        "Net Tangible Assets": 32359122000000.0,
        "Common Stock Equity": 32651042000000.0,
        "Total Capitalization": 89642682000000.0,
        "Total Equity Gross Minority Interest": 32651042000000.0,
        "Stockholders Equity": 32651042000000.0,
        "Other Equity Interest": 21076730000000.0,
        "Retained Earnings": 9055219000000.0,
        "Additional Paid In Capital": 1540000000.0,
        "Capital Stock": 21076730000000.0,
        "Common Stock": 21076730000000.0,
        "Total Liabilities Net Minority Interest": 310147883000000.0,
        "Derivative Product Liabilities": 0.0,
        "Long Term Debt And Capital Lease Obligation": 56991640000000.0,
        "Payables": 6706461000000.0,
        "Other Payable": 3962652000000.0,
        "Dividends Payable": 2884000000.0,
        "Total Tax Payable": null,
        "Accounts Payable": 2740925000000.0,
        "Total Assets": 342798925000000.0,
        "Investments And Advances": 40472295000000.0,
        "Investmentin Financial Assets": 40402838000000.0,
        "Held To Maturity Securities": 42380000000.0,
        "Available For Sale Securities": 40236340000000.0,
        "Long Term Equity Investment": 69457000000.0,
        "Investments In Other Ventures Under Equity Method": 69457000000.0,
        "Investment Properties": 2642000000.0,
        "Goodwill And Other Intangible Assets": 291920000000.0,
        "Other Intangible Assets": 291920000000.0,
        "Net PPE": 407765000000.0,
        "Accumulated Depreciation": -585522000000.0,
        "Gross PPE": 993287000000.0,
        "Other Properties": 186990000000.0,
        "Machinery Furniture Equipment": 698893000000.0,
        "Buildings And Improvements": 107404000000.0,
        "Receivables": 7955672000000.0,
        "Cash And Cash Equivalents": 38841587000000.0,
        "Cash Equivalents": 1594000000.0,
        "Cash Financial": 1616337000000.0,
        "Cash Cash Equivalents And Federal Funds Sold": 38841587000000.0
      },
      "2021-12-31 00:00:00": {
        "Ordinary Shares Number": null,
        "Share Issued": null,
        "Net Debt": 30584055000000.0,
        "Total Debt": 68743630000000.0,
        "Tangible Book Value": 23988627000000.0,
        "Invested Capital": 93034370000000.0,
        "Net Tangible Assets": 23988627000000.0,
        "Common Stock Equity": 24290740000000.0,
        "Total Capitalization": 93034370000000.0,
        "Total Equity Gross Minority Interest": 24290740000000.0,
        "Stockholders Equity": 24290740000000.0,
        "Other Equity Interest": null,
        "Retained Earnings": 6971079000000.0,
        "Additional Paid In Capital": 1480000000.0,
        "Capital Stock": 15531430000000.0,
        "Common Stock": 15531430000000.0,
        "Total Liabilities Net Minority Interest": 285226389000000.0,
        "Derivative Product Liabilities": 63933000000.0,
        "Long Term Debt And Capital Lease Obligation": 68743630000000.0,
        "Payables": 4419026000000.0,
        "Other Payable": 2556112000000.0,
        "Dividends Payable": 2884000000.0,
        "Total Tax Payable": null,
        "Accounts Payable": 1860030000000.0,
        "Total Assets": 309517129000000.0,
        "Investments And Advances": 44965578000000.0,
        "Investmentin Financial Assets": 44896034000000.0,
        "Held To Maturity Securities": 42380000000.0,
        "Available For Sale Securities": 44694801000000.0,
        "Long Term Equity Investment": 69544000000.0,
        "Investments In Other Ventures Under Equity Method": 69544000000.0,
        "Investment Properties": 2847000000.0,
        "Goodwill And Other Intangible Assets": 302113000000.0,
        "Other Intangible Assets": 302113000000.0,
        "Net PPE": 302045000000.0,
        "Accumulated Depreciation": -536394000000.0,
        "Gross PPE": 838439000000.0,
        "Other Properties": 164298000000.0,
        "Machinery Furniture Equipment": 569825000000.0,
        "Buildings And Improvements": 104316000000.0,
        "Receivables": 9486349000000.0,
        "Cash And Cash Equivalents": 38159575000000.0,
        "Cash Equivalents": 1594000000.0,
        "Cash Financial": 1519986000000.0,
        "Cash Cash Equivalents And Federal Funds Sold": 38159575000000.0
      }
    },
    "annual_cash_flow": {
      "2024-12-31 00:00:00": {
        "Free Cash Flow": -1718072000000.0,
        "Issuance Of Capital Stock": 134000000.0,
        "Capital Expenditure": -225579000000.0,
        "End Cash Position": 61395986000000.0,
        "Beginning Cash Position": 66280997000000.0,
        "Changes In Cash": -4885011000000.0,
        "Financing Cash Flow": -3170875000000.0,
        "Cash Dividends Paid": -3171009000000.0,
        "Common Stock Dividend Paid": -3171009000000.0,
        "Net Common Stock Issuance": 134000000.0,
        "Common Stock Issuance": 134000000.0,
        "Investing Cash Flow": -221643000000.0,
        "Dividends Received Cfi": 3746000000.0,
        "Net Investment Purchase And Sale": null,
        "Sale Of Investment": null,
        "Net Business Purchase And Sale": null,
        "Sale Of Business": null,
        "Net PPE Purchase And Sale": -225389000000.0,
        "Sale Of PPE": 190000000.0,
        "Purchase Of PPE": -225579000000.0,
        "Operating Cash Flow": -1492493000000.0,
        "Cash Flowsfromusedin Operating Activities Direct": -1492493000000.0,
        "Classesof Cash Payments": -133339500000000.0,
        "Other Cash Paymentsfrom Operating Activities": -6034124000000.0,
        "Paymentson Behalfof Employees": -7236019000000.0,
        "Classesof Cash Receiptsfrom Operating Activities": 131847007000000.0,
        "Other Cash Receiptsfrom Operating Activities": 2794009000000.0
      },
      "2023-12-31 00:00:00": {
        "Free Cash Flow": 29595094000000.0,
        "Issuance Of Capital Stock": 93000000.0,
        "Capital Expenditure": -223136000000.0,
        "End Cash Position": 66280997000000.0,
        "Beginning Cash Position": 39841587000000.0,
        "Changes In Cash": 26439410000000.0,
        "Financing Cash Flow": -3161417000000.0,
        "Cash Dividends Paid": -3161510000000.0,
        "Common Stock Dividend Paid": -3161510000000.0,
        "Net Common Stock Issuance": 93000000.0,
        "Common Stock Issuance": 93000000.0,
        "Investing Cash Flow": -217403000000.0,
        "Dividends Received Cfi": 3345000000.0,
        "Net Investment Purchase And Sale": null,
        "Sale Of Investment": null,
        "Net Business Purchase And Sale": 3345000000.0,
        "Sale Of Business": 3345000000.0,
        "Net PPE Purchase And Sale": -220748000000.0,
        "Sale Of PPE": 2388000000.0,
        "Purchase Of PPE": -223136000000.0,
        "Operating Cash Flow": 29818230000000.0,
        "Cash Flowsfromusedin Operating Activities Direct": 29818230000000.0,
        "Classesof Cash Payments": -94017671000000.0,
        "Other Cash Paymentsfrom Operating Activities": -33383179000000.0,
        "Paymentson Behalfof Employees": -6265054000000.0,
        "Classesof Cash Receiptsfrom Operating Activities": 123835901000000.0,
        "Other Cash Receiptsfrom Operating Activities": 10167005000000.0
      },
      "2022-12-31 00:00:00": {
        "Free Cash Flow": 1677015000000.0,
        "Issuance Of Capital Stock": 60000000.0,
        "Capital Expenditure": -240718000000.0,
        "End Cash Position": 39841587000000.0,
        "Beginning Cash Position": 38159575000000.0,
        "Changes In Cash": 1682012000000.0,
        "Financing Cash Flow": 60000000.0,
        "Cash Dividends Paid": null,
        "Common Stock Dividend Paid": null,
        "Net Common Stock Issuance": 60000000.0,
        "Common Stock Issuance": 60000000.0,
        "Investing Cash Flow": -235781000000.0,
        "Dividends Received Cfi": null,
        "Net Investment Purchase And Sale": 0.0,
        "Sale Of Investment": 0.0,
        "Net Business Purchase And Sale": 2895000000.0,
        "Sale Of Business": 2895000000.0,
        "Net PPE Purchase And Sale": -238676000000.0,
        "Sale Of PPE": 2042000000.0,
        "Purchase Of PPE": -240718000000.0,
        "Operating Cash Flow": 1917733000000.0,
        "Cash Flowsfromusedin Operating Activities Direct": 1917733000000.0,
        "Classesof Cash Payments": -69174762000000.0,
        "Other Cash Paymentsfrom Operating Activities": -11753198000000.0,
        "Paymentson Behalfof Employees": -6198152000000.0,
        "Classesof Cash Receiptsfrom Operating Activities": 71092495000000.0,
        "Other Cash Receiptsfrom Operating Activities": 5048680000000.0
      },
      "2021-12-31 00:00:00": {
        "Free Cash Flow": 9308300000000.0,
        "Issuance Of Capital Stock": 130000000.0,
        "Capital Expenditure": -326118000000.0,
        "End Cash Position": 38159575000000.0,
        "Beginning Cash Position": 28846489000000.0,
        "Changes In Cash": 9313086000000.0,
        "Financing Cash Flow": 130000000.0,
        "Cash Dividends Paid": null,
        "Common Stock Dividend Paid": null,
        "Net Common Stock Issuance": 130000000.0,
        "Common Stock Issuance": 130000000.0,
        "Investing Cash Flow": -321462000000.0,
        "Dividends Received Cfi": null,
        "Net Investment Purchase And Sale": 2890000000.0,
        "Sale Of Investment": 2890000000.0,
        "Net Business Purchase And Sale": 1766000000.0,
        "Sale Of Business": 1766000000.0,
        "Net PPE Purchase And Sale": -326118000000.0,
        "Sale Of PPE": 0.0,
        "Purchase Of PPE": -326118000000.0,
        "Operating Cash Flow": 9634418000000.0,
        "Cash Flowsfromusedin Operating Activities Direct": 9634418000000.0,
        "Classesof Cash Payments": -73300092000000.0,
        "Other Cash Paymentsfrom Operating Activities": -10508784000000.0,
        "Paymentson Behalfof Employees": -5342256000000.0,
        "Classesof Cash Receiptsfrom Operating Activities": 82934510000000.0,
        "Other Cash Receiptsfrom Operating Activities": 2771337000000.0
      }
    }
  },
  "metrics": {
    "symbol": "VIB.VN",
    "timestamp": "2026-01-09T18:25:52.342365",
    "pe_ratio": 8.009817,
    "pb_ratio": 1.350027,
    "dividend_yield": 3.41,
    "beta": 0.833,
    "eps": 2241.0,
    "roe": 0.17743,
    "roa": 0.0152900005,
    "debt_to_equity": null,
    "current_ratio": null,
    "quick_ratio": null,
    "profit_margin": 0.45362,
    "operating_margin": 0.54563,
    "free_cashflow": null,
    "52_week_high": 24800.0,
    "52_week_low": 14298.246,
    "revenue": 16663004053504,
    "gross_profit": 16663004053504,
    "operating_income": -70929069637632
  },
  "dividends": {
    "symbol": "VIB.VN",
    "timestamp": "2026-01-09T18:25:52.470765",
    "total_records": 4,
    "dividends": [
      {
        "date": "2023-12-28T00:00:00+07:00",
        "amount": 1000.0
      },
      {
        "date": "2024-01-19T00:00:00+07:00",
        "amount": 600.0
      },
      {
        "date": "2024-04-17T00:00:00+07:00",
        "amount": 650.0
      },
      {
        "date": "2025-04-22T00:00:00+07:00",
        "amount": 700.0
      }
    ]
  },
  "splits": {
    "symbol": "VIB.VN",
    "timestamp": "2026-01-09T18:25:52.505969",
    "total_records": 2,
    "splits": [
      {
        "date": "2024-08-22T00:00:00+07:00",
        "ratio": 1.17
      },
      {
        "date": "2025-07-17T00:00:00+07:00",
        "ratio": 1.14
      }
    ]
  }
}