{
  "symbol": "TPB.VN",
  "timestamp": "2026-01-09T18:25:46.207598",
  "quarterly": {
    "symbol": "TPB.VN",
    "timestamp": "2026-01-09T18:25:46.496301",
    "quarterly_financials": {
      "2025-06-30 00:00:00": {
        "Tax Effect Of Unusual Items": 0.0,
        "Tax Rate For Calcs": 0.200139,
        "Total Unusual Items": null,
        "Total Unusual Items Excluding Goodwill": null,
        "Net Income From Continuing Operation Net Minority Interest": 1629604000000.0,
        "Reconciled Depreciation": null,
        "Net Interest Income": 3151325000000.0,
        "Interest Expense": 4231968000000.0,
        "Interest Income": 7383293000000.0,
        "Normalized Income": 1629604000000.0,
        "Net Income From Continuing And Discontinued Operation": 1629604000000.0,
        "Diluted Average Shares": 2641956196.0,
        "Basic Average Shares": 2641956196.0,
        "Diluted EPS": 616.817191,
        "Basic EPS": 616.817191,
        "Diluted NI Availto Com Stockholders": 1629604000000.0,
        "Net Income Common Stockholders": 1629604000000.0,
        "Net Income": 1629604000000.0,
        "Minority Interests": 0.0,
        "Net Income Including Noncontrolling Interests": 1629604000000.0,
        "Net Income Continuous Operations": 1629604000000.0,
        "Tax Provision": 407754000000.0,
        "Pretax Income": 2037358000000.0,
        "Special Income Charges": null,
        "Other Special Charges": null,
        "Operating Expense": 1860153000000.0,
        "Other Operating Expenses": 1860153000000.0,
        "Depreciation And Amortization In Income Statement": null,
        "Depreciation Income Statement": null,
        "Insurance And Claims": null,
        "Rent And Landing Fees": null,
        "Total Revenue": 4722255000000.0,
        "Operating Revenue": 4722255000000.0
      },
      "2025-03-31 00:00:00": {
        "Tax Effect Of Unusual Items": 200193.942268,
        "Tax Rate For Calcs": 0.200194,
        "Total Unusual Items": 1000000.0,
        "Total Unusual Items Excluding Goodwill": 1000000.0,
        "Net Income From Continuing Operation Net Minority Interest": 1686692000000.0,
        "Reconciled Depreciation": 53803000000.0,
        "Net Interest Income": 3383618000000.0,
        "Interest Expense": 3418050000000.0,
        "Interest Income": 6801668000000.0,
        "Normalized Income": 1686691200193.9424,
        "Net Income From Continuing And Discontinued Operation": 1686692000000.0,
        "Diluted Average Shares": 2641956196.0,
        "Basic Average Shares": 2641956196.0,
        "Diluted EPS": 638.425422,
        "Basic EPS": 638.425422,
        "Diluted NI Availto Com Stockholders": 1686692000000.0,
        "Net Income Common Stockholders": 1686692000000.0,
        "Net Income": 1686692000000.0,
        "Minority Interests": 1000000.0,
        "Net Income Including Noncontrolling Interests": 1686691000000.0,
        "Net Income Continuous Operations": 1686691000000.0,
        "Tax Provision": 422184000000.0,
        "Pretax Income": 2108875000000.0,
        "Special Income Charges": 1000000.0,
        "Other Special Charges": -1000000.0,
        "Operating Expense": 2006545000000.0,
        "Other Operating Expenses": 458019000000.0,
        "Depreciation And Amortization In Income Statement": 53803000000.0,
        "Depreciation Income Statement": 53803000000.0,
        "Insurance And Claims": 49480000000.0,
        "Rent And Landing Fees": 189083000000.0,
        "Total Revenue": 4485315000000.0,
        "Operating Revenue": 4485315000000.0
      },
      "2024-12-31 00:00:00": {
        "Tax Effect Of Unusual Items": 0.0,
        "Tax Rate For Calcs": 0.201868,
        "Total Unusual Items": null,
        "Total Unusual Items Excluding Goodwill": null,
        "Net Income From Continuing Operation Net Minority Interest": 1705193000000.0,
        "Reconciled Depreciation": null,
        "Net Interest Income": 3068148000000.0,
        "Interest Expense": 3790600000000.0,
        "Interest Income": 6858748000000.0,
        "Normalized Income": 1705193000000.0,
        "Net Income From Continuing And Discontinued Operation": 1705193000000.0,
        "Diluted Average Shares": 2641956196.0,
        "Basic Average Shares": 2641956196.0,
        "Diluted EPS": 645.428188,
        "Basic EPS": 645.428188,
        "Diluted NI Availto Com Stockholders": 1705193000000.0,
        "Net Income Common Stockholders": 1705193000000.0,
        "Net Income": 1705193000000.0,
        "Minority Interests": -1000000.0,
        "Net Income Including Noncontrolling Interests": 1705194000000.0,
        "Net Income Continuous Operations": 1705194000000.0,
        "Tax Provision": 431288000000.0,
        "Pretax Income": 2136482000000.0,
        "Special Income Charges": null,
        "Other Special Charges": null,
        "Operating Expense": 2050840000000.0,
        "Other Operating Expenses": 2050840000000.0,
        "Depreciation And Amortization In Income Statement": null,
        "Depreciation Income Statement": null,
        "Insurance And Claims": null,
        "Rent And Landing Fees": null,
        "Total Revenue": 5378276000000.0,
        "Operating Revenue": 5378276000000.0
      },
      "2024-09-30 00:00:00": {
        "Tax Effect Of Unusual Items": 0.0,
        "Tax Rate For Calcs": 0.200834,
        "Total Unusual Items": null,
        "Total Unusual Items Excluding Goodwill": null,
        "Net Income From Continuing Operation Net Minority Interest": 1383025000000.0,
        "Reconciled Depreciation": null,
        "Net Interest Income": 3173833000000.0,
        "Interest Expense": 3149690000000.0,
        "Interest Income": 6323523000000.0,
        "Normalized Income": 1383025000000.0,
        "Net Income From Continuing And Discontinued Operation": 1383025000000.0,
        "Diluted Average Shares": 2201635009.0,
        "Basic Average Shares": 2201635009.0,
        "Diluted EPS": 598.267497,
        "Basic EPS": 598.267497,
        "Diluted NI Availto Com Stockholders": 1383025000000.0,
        "Net Income Common Stockholders": 1383025000000.0,
        "Net Income": 1383025000000.0,
        "Minority Interests": 1000000.0,
        "Net Income Including Noncontrolling Interests": 1383025000000.0,
        "Net Income Continuous Operations": 1383025000000.0,
        "Tax Provision": 347561000000.0,
        "Pretax Income": 1730586000000.0,
        "Special Income Charges": null,
        "Other Special Charges": null,
        "Operating Expense": 1585286000000.0,
        "Other Operating Expenses": 1585286000000.0,
        "Depreciation And Amortization In Income Statement": null,
        "Depreciation Income Statement": null,
        "Insurance And Claims": null,
        "Rent And Landing Fees": null,
        "Total Revenue": 4154220000000.0,
        "Operating Revenue": 4154220000000.0
      },
      "2024-06-30 00:00:00": {
        "Tax Effect Of Unusual Items": 0.0,
        "Tax Rate For Calcs": 0.200345,
        "Total Unusual Items": null,
        "Total Unusual Items Excluding Goodwill": null,
        "Net Income From Continuing Operation Net Minority Interest": 1522560000000.0,
        "Reconciled Depreciation": null,
        "Net Interest Income": 3236772000000.0,
        "Interest Expense": 2996143000000.0,
        "Interest Income": 6232915000000.0,
        "Normalized Income": 1522560000000.0,
        "Net Income From Continuing And Discontinued Operation": 1522560000000.0,
        "Diluted Average Shares": 2641962010.0,
        "Basic Average Shares": 2641962010.0,
        "Diluted EPS": 548.856167,
        "Basic EPS": 548.856167,
        "Diluted NI Availto Com Stockholders": 1522560000000.0,
        "Net Income Common Stockholders": 1522560000000.0,
        "Net Income": 1522560000000.0,
        "Minority Interests": 1000000.0,
        "Net Income Including Noncontrolling Interests": 1522559000000.0,
        "Net Income Continuous Operations": 1522559000000.0,
        "Tax Provision": 381462000000.0,
        "Pretax Income": 1904021000000.0,
        "Special Income Charges": null,
        "Other Special Charges": null,
        "Operating Expense": 1603210000000.0,
        "Other Operating Expenses": 1603210000000.0,
        "Depreciation And Amortization In Income Statement": null,
        "Depreciation Income Statement": null,
        "Insurance And Claims": null,
        "Rent And Landing Fees": null,
        "Total Revenue": 4456341000000.0,
        "Operating Revenue": 4456341000000.0
      }
    },
    "quarterly_balance_sheet": {
      "2025-06-30 00:00:00": {
        "Ordinary Shares Number": 2641956196.0,
        "Share Issued": 2641956196.0,
        "Net Debt": 13349043000000.0,
        "Total Debt": 80657441000000.0,
        "Tangible Book Value": 37896762000000.0,
        "Invested Capital": 118887251000000.0,
        "Net Tangible Assets": 37896762000000.0,
        "Common Stock Equity": 38229810000000.0,
        "Total Capitalization": 118887251000000.0,
        "Total Equity Gross Minority Interest": 38229908000000.0,
        "Minority Interest": 98000000.0,
        "Stockholders Equity": 38229810000000.0,
        "Treasury Stock": 0.0,
        "Retained Earnings": 6874202000000.0,
        "Additional Paid In Capital": 0.0,
        "Capital Stock": 26419562000000.0,
        "Common Stock": 26419562000000.0,
        "Total Liabilities Net Minority Interest": 390360071000000.0,
        "Derivative Product Liabilities": 0.0,
        "Long Term Debt And Capital Lease Obligation": 80657441000000.0,
        "Payables": 6664325000000.0,
        "Other Payable": 1864226000000.0,
        "Total Tax Payable": null,
        "Accounts Payable": 4800099000000.0,
        "Total Assets": 428589979000000.0,
        "Investments And Advances": 60997354000000.0,
        "Investmentin Financial Assets": 60997354000000.0,
        "Held To Maturity Securities": 0.0,
        "Available For Sale Securities": 60147095000000.0,
        "Trading Securities": 8833000000.0,
        "Goodwill And Other Intangible Assets": 333048000000.0,
        "Other Intangible Assets": 333048000000.0,
        "Net PPE": 1211648000000.0,
        "Accumulated Depreciation": -1394462000000.0,
        "Gross PPE": 2606110000000.0,
        "Construction In Progress": 355212000000.0,
        "Other Properties": 121236000000.0,
        "Machinery Furniture Equipment": 2129662000000.0,
        "Prepaid Assets": null,
        "Receivables": 9218310000000.0,
        "Cash And Cash Equivalents": 67308398000000.0,
        "Cash Equivalents": 240507000000.0,
        "Cash Financial": 1311054000000.0,
        "Cash Cash Equivalents And Federal Funds Sold": 67308398000000.0
      },
      "2025-03-31 00:00:00": {
        "Ordinary Shares Number": 2641956196.0,
        "Share Issued": 2641956196.0,
        "Net Debt": 21933122000000.0,
        "Total Debt": 66729035000000.0,
        "Tangible Book Value": 39138743000000.0,
        "Invested Capital": 106220533000000.0,
        "Net Tangible Assets": 39138743000000.0,
        "Common Stock Equity": 39491498000000.0,
        "Total Capitalization": 106220533000000.0,
        "Total Equity Gross Minority Interest": 39491596000000.0,
        "Minority Interest": 98000000.0,
        "Stockholders Equity": 39491498000000.0,
        "Treasury Stock": 0.0,
        "Retained Earnings": 9139634000000.0,
        "Additional Paid In Capital": 0.0,
        "Capital Stock": 26419562000000.0,
        "Common Stock": 26419562000000.0,
        "Total Liabilities Net Minority Interest": 349399554000000.0,
        "Derivative Product Liabilities": 0.0,
        "Long Term Debt And Capital Lease Obligation": 66729035000000.0,
        "Payables": 6254782000000.0,
        "Other Payable": 1614859000000.0,
        "Total Tax Payable": null,
        "Accounts Payable": 4639923000000.0,
        "Total Assets": 388891150000000.0,
        "Investments And Advances": 60655057000000.0,
        "Investmentin Financial Assets": 60655057000000.0,
        "Held To Maturity Securities": 0.0,
        "Available For Sale Securities": 59909064000000.0,
        "Trading Securities": 10931000000.0,
        "Goodwill And Other Intangible Assets": 352755000000.0,
        "Other Intangible Assets": 352755000000.0,
        "Net PPE": 1244053000000.0,
        "Accumulated Depreciation": -1316653000000.0,
        "Gross PPE": 2560706000000.0,
        "Construction In Progress": 424193000000.0,
        "Other Properties": 114343000000.0,
        "Machinery Furniture Equipment": 2022170000000.0,
        "Prepaid Assets": null,
        "Receivables": 9517786000000.0,
        "Cash And Cash Equivalents": 44795913000000.0,
        "Cash Equivalents": 147009000000.0,
        "Cash Financial": 1551868000000.0,
        "Cash Cash Equivalents And Federal Funds Sold": 44795913000000.0
      },
      "2024-12-31 00:00:00": {
        "Ordinary Shares Number": 2641956196.0,
        "Share Issued": 2641956196.0,
        "Net Debt": null,
        "Total Debt": 54641781000000.0,
        "Tangible Book Value": 37229195000000.0,
        "Invested Capital": 92236151000000.0,
        "Net Tangible Assets": 37229195000000.0,
        "Common Stock Equity": 37594370000000.0,
        "Total Capitalization": 92236151000000.0,
        "Total Equity Gross Minority Interest": 37594469000000.0,
        "Minority Interest": 99000000.0,
        "Stockholders Equity": 37594370000000.0,
        "Treasury Stock": 0.0,
        "Retained Earnings": 7452942000000.0,
        "Additional Paid In Capital": 0.0,
        "Capital Stock": 26419562000000.0,
        "Common Stock": 26419562000000.0,
        "Total Liabilities Net Minority Interest": 380433922000000.0,
        "Derivative Product Liabilities": 131331000000.0,
        "Long Term Debt And Capital Lease Obligation": 54641781000000.0,
        "Payables": 6003742000000.0,
        "Other Payable": 2075790000000.0,
        "Total Tax Payable": 1391544000000.0,
        "Accounts Payable": 2536408000000.0,
        "Total Assets": 418028391000000.0,
        "Investments And Advances": 60238784000000.0,
        "Investmentin Financial Assets": 60238784000000.0,
        "Held To Maturity Securities": 0.0,
        "Available For Sale Securities": 59472044000000.0,
        "Trading Securities": 1000000.0,
        "Goodwill And Other Intangible Assets": 365175000000.0,
        "Other Intangible Assets": 365175000000.0,
        "Net PPE": 1213680000000.0,
        "Accumulated Depreciation": -1277378000000.0,
        "Gross PPE": 2491058000000.0,
        "Construction In Progress": 356981000000.0,
        "Other Properties": 114343000000.0,
        "Machinery Furniture Equipment": 2019734000000.0,
        "Prepaid Assets": 77220000000.0,
        "Receivables": 11275469000000.0,
        "Cash And Cash Equivalents": 86617883000000.0,
        "Cash Equivalents": 117279000000.0,
        "Cash Financial": 1175456000000.0,
        "Cash Cash Equivalents And Federal Funds Sold": 86617883000000.0
      },
      "2024-09-30 00:00:00": {
        "Ordinary Shares Number": 2201635009.0,
        "Share Issued": 2201635009.0,
        "Net Debt": null,
        "Total Debt": 46693758000000.0,
        "Tangible Book Value": 35940250000000.0,
        "Invested Capital": 83004742000000.0,
        "Net Tangible Assets": 35940250000000.0,
        "Common Stock Equity": 36310984000000.0,
        "Total Capitalization": 83004742000000.0,
        "Total Equity Gross Minority Interest": 36311082000000.0,
        "Minority Interest": 98000000.0,
        "Stockholders Equity": 36310984000000.0,
        "Treasury Stock": 0.0,
        "Retained Earnings": 10152901000000.0,
        "Additional Paid In Capital": 0.0,
        "Capital Stock": 22016350000000.0,
        "Common Stock": 22016350000000.0,
        "Total Liabilities Net Minority Interest": 349041157000000.0,
        "Derivative Product Liabilities": 154452000000.0,
        "Long Term Debt And Capital Lease Obligation": 46693758000000.0,
        "Payables": 5586498000000.0,
        "Other Payable": 2001332000000.0,
        "Total Tax Payable": null,
        "Accounts Payable": 3585166000000.0,
        "Total Assets": 385352239000000.0,
        "Investments And Advances": 64673238000000.0,
        "Investmentin Financial Assets": 64673238000000.0,
        "Held To Maturity Securities": 0.0,
        "Available For Sale Securities": 63892590000000.0,
        "Trading Securities": 1000000.0,
        "Goodwill And Other Intangible Assets": 370734000000.0,
        "Other Intangible Assets": 370734000000.0,
        "Net PPE": 1152819000000.0,
        "Accumulated Depreciation": -1228881000000.0,
        "Gross PPE": 2381700000000.0,
        "Construction In Progress": 432103000000.0,
        "Other Properties": 114474000000.0,
        "Machinery Furniture Equipment": 1835123000000.0,
        "Prepaid Assets": null,
        "Receivables": 14878775000000.0,
        "Cash And Cash Equivalents": 56954420000000.0,
        "Cash Equivalents": 165965000000.0,
        "Cash Financial": 1526816000000.0,
        "Cash Cash Equivalents And Federal Funds Sold": 56954420000000.0
      },
      "2024-06-30 00:00:00": {
        "Ordinary Shares Number": 2641962010.0,
        "Share Issued": 2641962010.0,
        "Net Debt": 4313788000000.0,
        "Total Debt": 55204633000000.0,
        "Tangible Book Value": 35312503000000.0,
        "Invested Capital": 90813688000000.0,
        "Net Tangible Assets": 35312503000000.0,
        "Common Stock Equity": 35609055000000.0,
        "Total Capitalization": 90813688000000.0,
        "Total Equity Gross Minority Interest": 35609153000000.0,
        "Minority Interest": 98000000.0,
        "Stockholders Equity": 35609055000000.0,
        "Treasury Stock": 0.0,
        "Retained Earnings": 9870839000000.0,
        "Additional Paid In Capital": 0.0,
        "Capital Stock": 22016350000000.0,
        "Common Stock": 22016350000000.0,
        "Total Liabilities Net Minority Interest": 325945842000000.0,
        "Derivative Product Liabilities": 403983000000.0,
        "Long Term Debt And Capital Lease Obligation": 55204633000000.0,
        "Payables": 6116429000000.0,
        "Other Payable": 2483198000000.0,
        "Total Tax Payable": null,
        "Accounts Payable": 3633231000000.0,
        "Total Assets": 361554995000000.0,
        "Investments And Advances": 61663022000000.0,
        "Investmentin Financial Assets": 61663022000000.0,
        "Held To Maturity Securities": 22015000000.0,
        "Available For Sale Securities": 60842974000000.0,
        "Trading Securities": 4629000000.0,
        "Goodwill And Other Intangible Assets": 296552000000.0,
        "Other Intangible Assets": 296552000000.0,
        "Net PPE": 1280763000000.0,
        "Accumulated Depreciation": -1170145000000.0,
        "Gross PPE": 2450908000000.0,
        "Construction In Progress": 517355000000.0,
        "Other Properties": 101855000000.0,
        "Machinery Furniture Equipment": 1831698000000.0,
        "Prepaid Assets": null,
        "Receivables": 18823119000000.0,
        "Cash And Cash Equivalents": 50890845000000.0,
        "Cash Equivalents": 145745000000.0,
        "Cash Financial": 1309379000000.0,
        "Cash Cash Equivalents And Federal Funds Sold": 50890845000000.0
      }
    },
    "quarterly_cash_flow": {
      "2025-06-30 00:00:00": {
        "Free Cash Flow": 21693415000000.0,
        "Repurchase Of Capital Stock": 0.0,
        "Repayment Of Debt": -1080800000000.0,
        "Issuance Of Debt": null,
        "Issuance Of Capital Stock": 4737200000000.0,
        "Capital Expenditure": -62441000000.0,
        "End Cash Position": 67278398000000.0,
        "Beginning Cash Position": 44780913000000.0,
        "Effect Of Exchange Rate Changes": -210436000000.0,
        "Changes In Cash": 22707921000000.0,
        "Financing Cash Flow": 1014444000000.0,
        "Cash Dividends Paid": null,
        "Common Stock Dividend Paid": null,
        "Net Common Stock Issuance": 4737200000000.0,
        "Common Stock Payments": 0.0,
        "Common Stock Issuance": 4737200000000.0,
        "Net Issuance Payments Of Debt": -1080800000000.0,
        "Net Long Term Debt Issuance": -1080800000000.0,
        "Long Term Debt Payments": -1080800000000.0,
        "Long Term Debt Issuance": null,
        "Investing Cash Flow": -62379000000.0,
        "Dividends Received Cfi": 60000000.0,
        "Net Investment Purchase And Sale": null,
        "Sale Of Investment": null,
        "Purchase Of Investment": null,
        "Net Investment Properties Purchase And Sale": 0.0,
        "Sale Of Investment Properties": 0.0,
        "Purchase Of Investment Properties": 0.0,
        "Net Business Purchase And Sale": 0.0,
        "Sale Of Business": 0.0,
        "Purchase Of Business": 0.0,
        "Net PPE Purchase And Sale": -62439000000.0,
        "Sale Of PPE": 2000000.0,
        "Purchase Of PPE": -62441000000.0,
        "Operating Cash Flow": 21755856000000.0,
        "Cash Flowsfromusedin Operating Activities Direct": 21755856000000.0,
        "Classesof Cash Payments": 3072474000000.0,
        "Other Cash Paymentsfrom Operating Activities": 192898000000.0,
        "Paymentson Behalfof Employees": -1629114000000.0,
        "Classesof Cash Receiptsfrom Operating Activities": 18683382000000.0,
        "Other Cash Receiptsfrom Operating Activities": -19377000000.0
      },
      "2025-03-31 00:00:00": {
        "Free Cash Flow": -41548163000000.0,
        "Repurchase Of Capital Stock": 0.0,
        "Repayment Of Debt": -30000000000.0,
        "Issuance Of Debt": 0.0,
        "Issuance Of Capital Stock": 0.0,
        "Capital Expenditure": -71757000000.0,
        "End Cash Position": 44780913000000.0,
        "Beginning Cash Position": 86148639000000.0,
        "Effect Of Exchange Rate Changes": 210436000000.0,
        "Changes In Cash": -41578162000000.0,
        "Financing Cash Flow": -30000000000.0,
        "Cash Dividends Paid": null,
        "Common Stock Dividend Paid": null,
        "Net Common Stock Issuance": 0.0,
        "Common Stock Payments": 0.0,
        "Common Stock Issuance": 0.0,
        "Net Issuance Payments Of Debt": -30000000000.0,
        "Net Long Term Debt Issuance": -30000000000.0,
        "Long Term Debt Payments": -30000000000.0,
        "Long Term Debt Issuance": 0.0,
        "Investing Cash Flow": -71756000000.0,
        "Dividends Received Cfi": 0.0,
        "Net Investment Purchase And Sale": null,
        "Sale Of Investment": null,
        "Purchase Of Investment": null,
        "Net Investment Properties Purchase And Sale": 0.0,
        "Sale Of Investment Properties": 0.0,
        "Purchase Of Investment Properties": 0.0,
        "Net Business Purchase And Sale": 0.0,
        "Sale Of Business": 0.0,
        "Purchase Of Business": 0.0,
        "Net PPE Purchase And Sale": -71756000000.0,
        "Sale Of PPE": 1000000.0,
        "Purchase Of PPE": -71757000000.0,
        "Operating Cash Flow": -41476406000000.0,
        "Cash Flowsfromusedin Operating Activities Direct": -41476406000000.0,
        "Classesof Cash Payments": -56105103000000.0,
        "Other Cash Paymentsfrom Operating Activities": -2623037000000.0,
        "Paymentson Behalfof Employees": -2088043000000.0,
        "Classesof Cash Receiptsfrom Operating Activities": 14628697000000.0,
        "Other Cash Receiptsfrom Operating Activities": 93219000000.0
      },
      "2024-12-31 00:00:00": {
        "Free Cash Flow": 29386264000000.0,
        "Repurchase Of Capital Stock": 0.0,
        "Repayment Of Debt": -1520100000000.0,
        "Issuance Of Debt": 1767783000000.0,
        "Issuance Of Capital Stock": 0.0,
        "Capital Expenditure": -144776000000.0,
        "End Cash Position": 86148639000000.0,
        "Beginning Cash Position": 56934421000000.0,
        "Effect Of Exchange Rate Changes": -419867000000.0,
        "Changes In Cash": 29634085000000.0,
        "Financing Cash Flow": 247683000000.0,
        "Cash Dividends Paid": 0.0,
        "Common Stock Dividend Paid": 0.0,
        "Net Common Stock Issuance": 0.0,
        "Common Stock Payments": 0.0,
        "Common Stock Issuance": 0.0,
        "Net Issuance Payments Of Debt": 247683000000.0,
        "Net Long Term Debt Issuance": 247683000000.0,
        "Long Term Debt Payments": -1520100000000.0,
        "Long Term Debt Issuance": 1767783000000.0,
        "Investing Cash Flow": -144638000000.0,
        "Dividends Received Cfi": 0.0,
        "Net Investment Purchase And Sale": null,
        "Sale Of Investment": null,
        "Purchase Of Investment": null,
        "Net Investment Properties Purchase And Sale": null,
        "Sale Of Investment Properties": null,
        "Purchase Of Investment Properties": null,
        "Net Business Purchase And Sale": 1000000.0,
        "Sale Of Business": null,
        "Purchase Of Business": 1000000.0,
        "Net PPE Purchase And Sale": -144639000000.0,
        "Sale Of PPE": 137000000.0,
        "Purchase Of PPE": -144776000000.0,
        "Operating Cash Flow": 29531040000000.0,
        "Cash Flowsfromusedin Operating Activities Direct": 29531040000000.0,
        "Classesof Cash Payments": -18403563000000.0,
        "Other Cash Paymentsfrom Operating Activities": -786797000000.0,
        "Paymentson Behalfof Employees": -1618932000000.0,
        "Classesof Cash Receiptsfrom Operating Activities": 47934603000000.0,
        "Other Cash Receiptsfrom Operating Activities": 34158000000.0
      },
      "2024-09-30 00:00:00": {
        "Free Cash Flow": 5303510000000.0,
        "Repurchase Of Capital Stock": 0.0,
        "Repayment Of Debt": -56800000000.0,
        "Issuance Of Debt": null,
        "Issuance Of Capital Stock": -200800000000.0,
        "Capital Expenditure": -31721000000.0,
        "End Cash Position": 56934421000000.0,
        "Beginning Cash Position": 50890845000000.0,
        "Effect Of Exchange Rate Changes": 419867000000.0,
        "Changes In Cash": 5623709000000.0,
        "Financing Cash Flow": 320199000000.0,
        "Cash Dividends Paid": null,
        "Common Stock Dividend Paid": null,
        "Net Common Stock Issuance": -200800000000.0,
        "Common Stock Payments": 0.0,
        "Common Stock Issuance": -200800000000.0,
        "Net Issuance Payments Of Debt": 1621817000000.0,
        "Net Long Term Debt Issuance": 1621817000000.0,
        "Long Term Debt Payments": -56800000000.0,
        "Long Term Debt Issuance": null,
        "Investing Cash Flow": -31721000000.0,
        "Dividends Received Cfi": 0.0,
        "Net Investment Purchase And Sale": null,
        "Sale Of Investment": null,
        "Purchase Of Investment": null,
        "Net Investment Properties Purchase And Sale": 0.0,
        "Sale Of Investment Properties": 0.0,
        "Purchase Of Investment Properties": 0.0,
        "Net Business Purchase And Sale": 0.0,
        "Sale Of Business": 0.0,
        "Purchase Of Business": 0.0,
        "Net PPE Purchase And Sale": -31721000000.0,
        "Sale Of PPE": 0.0,
        "Purchase Of PPE": -31721000000.0,
        "Operating Cash Flow": 5335231000000.0,
        "Cash Flowsfromusedin Operating Activities Direct": 5335231000000.0,
        "Classesof Cash Payments": -17178411000000.0,
        "Other Cash Paymentsfrom Operating Activities": 1501386000000.0,
        "Paymentson Behalfof Employees": -1278550000000.0,
        "Classesof Cash Receiptsfrom Operating Activities": 22513642000000.0,
        "Other Cash Receiptsfrom Operating Activities": -791921000000.0
      },
      "2024-06-30 00:00:00": {
        "Free Cash Flow": -3890986000000.0,
        "Repurchase Of Capital Stock": 0.0,
        "Repayment Of Debt": 0.0,
        "Issuance Of Debt": null,
        "Issuance Of Capital Stock": 200800000000.0,
        "Capital Expenditure": -129598000000.0,
        "End Cash Position": 50890845000000.0,
        "Beginning Cash Position": 54587784000000.0,
        "Effect Of Exchange Rate Changes": -6866000000.0,
        "Changes In Cash": -3690073000000.0,
        "Financing Cash Flow": 200800000000.0,
        "Cash Dividends Paid": null,
        "Common Stock Dividend Paid": null,
        "Net Common Stock Issuance": 200800000000.0,
        "Common Stock Payments": 0.0,
        "Common Stock Issuance": 200800000000.0,
        "Net Issuance Payments Of Debt": 0.0,
        "Net Long Term Debt Issuance": 0.0,
        "Long Term Debt Payments": 0.0,
        "Long Term Debt Issuance": null,
        "Investing Cash Flow": -129485000000.0,
        "Dividends Received Cfi": 0.0,
        "Net Investment Purchase And Sale": 0.0,
        "Sale Of Investment": 0.0,
        "Purchase Of Investment": 0.0,
        "Net Investment Properties Purchase And Sale": 0.0,
        "Sale Of Investment Properties": 0.0,
        "Purchase Of Investment Properties": 0.0,
        "Net Business Purchase And Sale": -1000000.0,
        "Sale Of Business": 0.0,
        "Purchase Of Business": -1000000.0,
        "Net PPE Purchase And Sale": -129484000000.0,
        "Sale Of PPE": 114000000.0,
        "Purchase Of PPE": -129598000000.0,
        "Operating Cash Flow": -3761388000000.0,
        "Cash Flowsfromusedin Operating Activities Direct": -3761388000000.0,
        "Classesof Cash Payments": -6729668000000.0,
        "Other Cash Paymentsfrom Operating Activities": -2167323000000.0,
        "Paymentson Behalfof Employees": -1250397000000.0,
        "Classesof Cash Receiptsfrom Operating Activities": 2968280000000.0,
        "Other Cash Receiptsfrom Operating Activities": 622900000000.0
      }
    }
  },
  "annual": {
    "symbol": "TPB.VN",
    "timestamp": "2026-01-09T18:25:46.979199",
    "annual_financials": {
      "2024-12-31 00:00:00": {
        "Tax Effect Of Unusual Items": 49878157.384847,
        "Tax Rate For Calcs": 0.201122,
        "Total Unusual Items": 248000000.0,
        "Total Unusual Items Excluding Goodwill": 248000000.0,
        "Net Income From Continuing Operation Net Minority Interest": 6071634000000.0,
        "Reconciled Depreciation": 340039000000.0,
        "Net Interest Income": 12906656000000.0,
        "Interest Expense": 13041982000000.0,
        "Interest Income": 25948638000000.0,
        "Normalized Income": 6071435878157.385,
        "Net Income From Continuing And Discontinued Operation": 6071634000000.0,
        "Diluted Average Shares": 2641956196.0,
        "Basic Average Shares": 2641956196.0,
        "Diluted EPS": 2298.0,
        "Basic EPS": 2298.0,
        "Diluted NI Availto Com Stockholders": 6071634000000.0,
        "Net Income Common Stockholders": 6071634000000.0,
        "Otherunder Preferred Stock Dividend": null,
        "Preferred Stock Dividends": null,
        "Net Income": 6071634000000.0,
        "Minority Interests": 0.0,
        "Net Income Including Noncontrolling Interests": 6071634000000.0,
        "Net Income Continuous Operations": 6071634000000.0,
        "Tax Provision": 1528564000000.0,
        "Pretax Income": 7600198000000.0,
        "Special Income Charges": 248000000.0,
        "Other Special Charges": -115000000.0,
        "Restructuring And Mergern Acquisition": -133000000.0,
        "Gain On Sale Of Security": null,
        "Operating Expense": 6737398000000.0,
        "Other Operating Expenses": 1136692000000.0,
        "Depreciation And Amortization In Income Statement": 340039000000.0,
        "Depreciation Income Statement": 340039000000.0,
        "Selling General And Administration": 1438397000000.0,
        "Selling And Marketing Expense": 224141000000.0,
        "General And Administrative Expense": 1214256000000.0,
        "Insurance And Claims": 189399000000.0,
        "Rent And Landing Fees": 125920000000.0,
        "Total Revenue": 17826981000000.0,
        "Operating Revenue": 17826981000000.0
      },
      "2023-12-31 00:00:00": {
        "Tax Effect Of Unusual Items": 97479129.118678,
        "Tax Rate For Calcs": 0.201403,
        "Total Unusual Items": 484000000.0,
        "Total Unusual Items Excluding Goodwill": 484000000.0,
        "Net Income From Continuing Operation Net Minority Interest": 4463325000000.0,
        "Reconciled Depreciation": 345553000000.0,
        "Net Interest Income": 12427828000000.0,
        "Interest Expense": 16134589000000.0,
        "Interest Income": 28562417000000.0,
        "Normalized Income": 4462938479129.119,
        "Net Income From Continuing And Discontinued Operation": 4463325000000.0,
        "Diluted Average Shares": 2774054005.0,
        "Basic Average Shares": 2774054005.0,
        "Diluted EPS": 1607.619048,
        "Basic EPS": 1607.619048,
        "Diluted NI Availto Com Stockholders": 4458325000000.0,
        "Net Income Common Stockholders": 4458325000000.0,
        "Otherunder Preferred Stock Dividend": 5000000000.0,
        "Preferred Stock Dividends": null,
        "Net Income": 4463325000000.0,
        "Minority Interests": 0.0,
        "Net Income Including Noncontrolling Interests": 4463325000000.0,
        "Net Income Continuous Operations": 4463325000000.0,
        "Tax Provision": 1125634000000.0,
        "Pretax Income": 5588959000000.0,
        "Special Income Charges": 484000000.0,
        "Other Special Charges": -484000000.0,
        "Restructuring And Mergern Acquisition": 0.0,
        "Gain On Sale Of Security": null,
        "Operating Expense": 7181115000000.0,
        "Other Operating Expenses": 1125395000000.0,
        "Depreciation And Amortization In Income Statement": 345553000000.0,
        "Depreciation Income Statement": 345553000000.0,
        "Selling General And Administration": 1641595000000.0,
        "Selling And Marketing Expense": 294399000000.0,
        "General And Administrative Expense": 1347196000000.0,
        "Insurance And Claims": 152245000000.0,
        "Rent And Landing Fees": 128654000000.0,
        "Total Revenue": 16407100000000.0,
        "Operating Revenue": 16407100000000.0
      },
      "2022-12-31 00:00:00": {
        "Tax Effect Of Unusual Items": 117741691.670005,
        "Tax Rate For Calcs": 0.200241,
        "Total Unusual Items": 588000000.0,
        "Total Unusual Items Excluding Goodwill": 588000000.0,
        "Net Income From Continuing Operation Net Minority Interest": 6260744000000.0,
        "Reconciled Depreciation": 310816000000.0,
        "Net Interest Income": 11386597000000.0,
        "Interest Expense": 10424418000000.0,
        "Interest Income": 21811015000000.0,
        "Normalized Income": 6260273741691.67,
        "Net Income From Continuing And Discontinued Operation": 6260744000000.0,
        "Diluted Average Shares": 2774060111.0,
        "Basic Average Shares": 2774060111.0,
        "Diluted EPS": 2254.761905,
        "Basic EPS": 2254.761905,
        "Diluted NI Availto Com Stockholders": 6255744000000.0,
        "Net Income Common Stockholders": 6255744000000.0,
        "Otherunder Preferred Stock Dividend": 5000000000.0,
        "Preferred Stock Dividends": null,
        "Net Income": 6260744000000.0,
        "Minority Interests": null,
        "Net Income Including Noncontrolling Interests": 6260744000000.0,
        "Net Income Continuous Operations": 6260744000000.0,
        "Tax Provision": 1567544000000.0,
        "Pretax Income": 7828288000000.0,
        "Special Income Charges": 588000000.0,
        "Other Special Charges": -588000000.0,
        "Restructuring And Mergern Acquisition": null,
        "Gain On Sale Of Security": 426255000000.0,
        "Operating Expense": 6566549000000.0,
        "Other Operating Expenses": 1181094000000.0,
        "Depreciation And Amortization In Income Statement": 310816000000.0,
        "Depreciation Income Statement": 310816000000.0,
        "Selling General And Administration": 1613285000000.0,
        "Selling And Marketing Expense": 368817000000.0,
        "General And Administrative Expense": 1244468000000.0,
        "Insurance And Claims": 118656000000.0,
        "Rent And Landing Fees": 141113000000.0,
        "Total Revenue": 15617331000000.0,
        "Operating Revenue": 15617331000000.0
      },
      "2021-12-31 00:00:00": {
        "Tax Effect Of Unusual Items": 33238449.662831,
        "Tax Rate For Calcs": 0.200232,
        "Total Unusual Items": 166000000.0,
        "Total Unusual Items Excluding Goodwill": 166000000.0,
        "Net Income From Continuing Operation Net Minority Interest": 4829179000000.0,
        "Reconciled Depreciation": 257062000000.0,
        "Net Interest Income": 9946049000000.0,
        "Interest Expense": 7480768000000.0,
        "Interest Income": 17426817000000.0,
        "Normalized Income": 4829046238449.663,
        "Net Income From Continuing And Discontinued Operation": 4829179000000.0,
        "Diluted Average Shares": 2494064198.0,
        "Basic Average Shares": 2494064198.0,
        "Diluted EPS": 1842.291626,
        "Basic EPS": 1842.291626,
        "Diluted NI Availto Com Stockholders": 4824179000000.0,
        "Net Income Common Stockholders": 4824179000000.0,
        "Otherunder Preferred Stock Dividend": null,
        "Preferred Stock Dividends": 5000000000.0,
        "Net Income": 4829179000000.0,
        "Minority Interests": null,
        "Net Income Including Noncontrolling Interests": 4829179000000.0,
        "Net Income Continuous Operations": 4829179000000.0,
        "Tax Provision": 1209043000000.0,
        "Pretax Income": 6038222000000.0,
        "Special Income Charges": 166000000.0,
        "Other Special Charges": -166000000.0,
        "Restructuring And Mergern Acquisition": null,
        "Gain On Sale Of Security": 1409742000000.0,
        "Operating Expense": 4819677000000.0,
        "Other Operating Expenses": 690695000000.0,
        "Depreciation And Amortization In Income Statement": 257062000000.0,
        "Depreciation Income Statement": 257062000000.0,
        "Selling General And Administration": 1126074000000.0,
        "Selling And Marketing Expense": 235298000000.0,
        "General And Administrative Expense": 890776000000.0,
        "Insurance And Claims": 101197000000.0,
        "Rent And Landing Fees": 106697000000.0,
        "Total Revenue": 13519270000000.0,
        "Operating Revenue": 13519270000000.0
      }
    },
    "annual_balance_sheet": {
      "2024-12-31 00:00:00": {
        "Treasury Shares Number": null,
        "Ordinary Shares Number": 2641956196.0,
        "Share Issued": 2641956196.0,
        "Net Debt": null,
        "Total Debt": 54641781000000.0,
        "Tangible Book Value": 37229195000000.0,
        "Invested Capital": 92236151000000.0,
        "Net Tangible Assets": 37229195000000.0,
        "Common Stock Equity": 37594370000000.0,
        "Total Capitalization": 92236151000000.0,
        "Total Equity Gross Minority Interest": 37594469000000.0,
        "Minority Interest": 99000000.0,
        "Stockholders Equity": 37594370000000.0,
        "Other Equity Interest": null,
        "Treasury Stock": 0.0,
        "Retained Earnings": 7452942000000.0,
        "Additional Paid In Capital": 0.0,
        "Capital Stock": 26419562000000.0,
        "Common Stock": 26419562000000.0,
        "Total Liabilities Net Minority Interest": 380433922000000.0,
        "Derivative Product Liabilities": 131331000000.0,
        "Long Term Debt And Capital Lease Obligation": 54641781000000.0,
        "Payables": 6003742000000.0,
        "Other Payable": 2075790000000.0,
        "Total Tax Payable": 1391544000000.0,
        "Accounts Payable": 2536408000000.0,
        "Total Assets": 418028391000000.0,
        "Investments And Advances": 60238784000000.0,
        "Investmentin Financial Assets": 60238784000000.0,
        "Held To Maturity Securities": 0.0,
        "Available For Sale Securities": 59472044000000.0,
        "Trading Securities": 1000000.0,
        "Goodwill And Other Intangible Assets": 365175000000.0,
        "Other Intangible Assets": 365175000000.0,
        "Net PPE": 1213680000000.0,
        "Accumulated Depreciation": -1277378000000.0,
        "Gross PPE": 2491058000000.0,
        "Construction In Progress": 356981000000.0,
        "Other Properties": 114343000000.0,
        "Machinery Furniture Equipment": 2019734000000.0,
        "Prepaid Assets": 77220000000.0,
        "Receivables": 11275469000000.0,
        "Cash And Cash Equivalents": 86617883000000.0,
        "Cash Equivalents": 117279000000.0,
        "Cash Financial": 1175456000000.0,
        "Cash Cash Equivalents And Federal Funds Sold": 86617883000000.0
      },
      "2023-12-31 00:00:00": {
        "Treasury Shares Number": 0.0,
        "Ordinary Shares Number": 2641962010.0,
        "Share Issued": 2641962010.0,
        "Net Debt": null,
        "Total Debt": 45856978000000.0,
        "Tangible Book Value": 32413441000000.0,
        "Invested Capital": 78599895000000.0,
        "Net Tangible Assets": 32413441000000.0,
        "Common Stock Equity": 32742917000000.0,
        "Total Capitalization": 78599895000000.0,
        "Total Equity Gross Minority Interest": 32742917000000.0,
        "Minority Interest": 0.0,
        "Stockholders Equity": 32742917000000.0,
        "Other Equity Interest": 3052367000000.0,
        "Treasury Stock": null,
        "Retained Earnings": 7674200000000.0,
        "Additional Paid In Capital": 0.0,
        "Capital Stock": 22016350000000.0,
        "Common Stock": 22016350000000.0,
        "Total Liabilities Net Minority Interest": 323891055000000.0,
        "Derivative Product Liabilities": 66150000000.0,
        "Long Term Debt And Capital Lease Obligation": 45856978000000.0,
        "Payables": 6958648000000.0,
        "Other Payable": 2037351000000.0,
        "Total Tax Payable": 1016203000000.0,
        "Accounts Payable": 3905094000000.0,
        "Total Assets": 356633972000000.0,
        "Investments And Advances": 65427867000000.0,
        "Investmentin Financial Assets": 65427867000000.0,
        "Held To Maturity Securities": 35425000000.0,
        "Available For Sale Securities": 65300380000000.0,
        "Trading Securities": 0.0,
        "Goodwill And Other Intangible Assets": 329476000000.0,
        "Other Intangible Assets": 329476000000.0,
        "Net PPE": 1211803000000.0,
        "Accumulated Depreciation": -1056231000000.0,
        "Gross PPE": 2268034000000.0,
        "Construction In Progress": 482374000000.0,
        "Other Properties": 102357000000.0,
        "Machinery Furniture Equipment": 1683303000000.0,
        "Prepaid Assets": 76650000000.0,
        "Receivables": 18834230000000.0,
        "Cash And Cash Equivalents": 45858229000000.0,
        "Cash Equivalents": 1014110000000.0,
        "Cash Financial": 1324451000000.0,
        "Cash Cash Equivalents And Federal Funds Sold": 45858229000000.0
      },
      "2022-12-31 00:00:00": {
        "Treasury Shares Number": null,
        "Ordinary Shares Number": null,
        "Share Issued": null,
        "Net Debt": null,
        "Total Debt": 46825229000000.0,
        "Tangible Book Value": 31937008000000.0,
        "Invested Capital": 79064210000000.0,
        "Net Tangible Assets": 31937008000000.0,
        "Common Stock Equity": 32238981000000.0,
        "Total Capitalization": 79064210000000.0,
        "Total Equity Gross Minority Interest": 32238981000000.0,
        "Minority Interest": null,
        "Stockholders Equity": 32238981000000.0,
        "Other Equity Interest": 2113255000000.0,
        "Treasury Stock": 0.0,
        "Retained Earnings": 11747206000000.0,
        "Additional Paid In Capital": 2560965000000.0,
        "Capital Stock": 15817555000000.0,
        "Common Stock": 15817555000000.0,
        "Total Liabilities Net Minority Interest": 296395026000000.0,
        "Derivative Product Liabilities": 0.0,
        "Long Term Debt And Capital Lease Obligation": 46825229000000.0,
        "Payables": 6905629000000.0,
        "Other Payable": 2421362000000.0,
        "Total Tax Payable": 1464758000000.0,
        "Accounts Payable": 3019509000000.0,
        "Total Assets": 328634007000000.0,
        "Investments And Advances": 74760501000000.0,
        "Investmentin Financial Assets": 74760501000000.0,
        "Held To Maturity Securities": 44365000000.0,
        "Available For Sale Securities": 74332279000000.0,
        "Trading Securities": null,
        "Goodwill And Other Intangible Assets": 301973000000.0,
        "Other Intangible Assets": 301973000000.0,
        "Net PPE": 1099070000000.0,
        "Accumulated Depreciation": -822382000000.0,
        "Gross PPE": 1921452000000.0,
        "Construction In Progress": 195657000000.0,
        "Other Properties": 82096000000.0,
        "Machinery Furniture Equipment": 1643699000000.0,
        "Prepaid Assets": 76117000000.0,
        "Receivables": 21022662000000.0,
        "Cash And Cash Equivalents": 51736367000000.0,
        "Cash Equivalents": 1176190000000.0,
        "Cash Financial": 1250742000000.0,
        "Cash Cash Equivalents And Federal Funds Sold": 51736367000000.0
      },
      "2021-12-31 00:00:00": {
        "Treasury Shares Number": null,
        "Ordinary Shares Number": null,
        "Share Issued": null,
        "Net Debt": 12692256000000.0,
        "Total Debt": 69507307000000.0,
        "Tangible Book Value": 25711327000000.0,
        "Invested Capital": 95494377000000.0,
        "Net Tangible Assets": 25711327000000.0,
        "Common Stock Equity": 25987070000000.0,
        "Total Capitalization": 95494377000000.0,
        "Total Equity Gross Minority Interest": 25987070000000.0,
        "Minority Interest": null,
        "Stockholders Equity": 25987070000000.0,
        "Other Equity Interest": 1388879000000.0,
        "Treasury Stock": 0.0,
        "Retained Earnings": 6219671000000.0,
        "Additional Paid In Capital": 2560965000000.0,
        "Capital Stock": 15817555000000.0,
        "Common Stock": 15817555000000.0,
        "Total Liabilities Net Minority Interest": 266840008000000.0,
        "Derivative Product Liabilities": 77705000000.0,
        "Long Term Debt And Capital Lease Obligation": 69507307000000.0,
        "Payables": 3813194000000.0,
        "Other Payable": 1668828000000.0,
        "Total Tax Payable": 452254000000.0,
        "Accounts Payable": 1692112000000.0,
        "Total Assets": 292827078000000.0,
        "Investments And Advances": 63365077000000.0,
        "Investmentin Financial Assets": 63365077000000.0,
        "Held To Maturity Securities": 44365000000.0,
        "Available For Sale Securities": 62360319000000.0,
        "Trading Securities": null,
        "Goodwill And Other Intangible Assets": 275743000000.0,
        "Other Intangible Assets": 275743000000.0,
        "Net PPE": 1010084000000.0,
        "Accumulated Depreciation": -620164000000.0,
        "Gross PPE": 1630248000000.0,
        "Construction In Progress": 497214000000.0,
        "Other Properties": 71587000000.0,
        "Machinery Furniture Equipment": 1061447000000.0,
        "Prepaid Assets": 92412000000.0,
        "Receivables": 18742707000000.0,
        "Cash And Cash Equivalents": 56815051000000.0,
        "Cash Equivalents": 1601021000000.0,
        "Cash Financial": 952288000000.0,
        "Cash Cash Equivalents And Federal Funds Sold": 56815051000000.0
      }
    },
    "annual_cash_flow": {
      "2024-12-31 00:00:00": {
        "Free Cash Flow": 39965524000000.0,
        "Repurchase Of Capital Stock": 0.0,
        "Repayment Of Debt": -1581900000000.0,
        "Issuance Of Debt": 3446400000000.0,
        "Issuance Of Capital Stock": 0.0,
        "Capital Expenditure": -377749000000.0,
        "End Cash Position": 86148639000000.0,
        "Beginning Cash Position": 45441602000000.0,
        "Effect Of Exchange Rate Changes": 0.0,
        "Changes In Cash": 40707037000000.0,
        "Financing Cash Flow": 763682000000.0,
        "Cash Dividends Paid": -1100818000000.0,
        "Common Stock Dividend Paid": -1100818000000.0,
        "Net Common Stock Issuance": 0.0,
        "Common Stock Payments": 0.0,
        "Common Stock Issuance": 0.0,
        "Net Issuance Payments Of Debt": 1864500000000.0,
        "Net Long Term Debt Issuance": 1864500000000.0,
        "Long Term Debt Payments": -1581900000000.0,
        "Long Term Debt Issuance": 3446400000000.0,
        "Investing Cash Flow": -399918000000.0,
        "Dividends Received Cfi": 0.0,
        "Net Investment Properties Purchase And Sale": null,
        "Sale Of Investment Properties": null,
        "Purchase Of Investment Properties": null,
        "Net Business Purchase And Sale": -22420000000.0,
        "Sale Of Business": null,
        "Purchase Of Business": -22420000000.0,
        "Net PPE Purchase And Sale": -377498000000.0,
        "Sale Of PPE": 251000000.0,
        "Purchase Of PPE": -377749000000.0,
        "Operating Cash Flow": 40343273000000.0,
        "Cash Flowsfromusedin Operating Activities Direct": 40343273000000.0,
        "Classesof Cash Payments": -67858329000000.0,
        "Other Cash Paymentsfrom Operating Activities": -2152694000000.0,
        "Paymentson Behalfof Employees": -5919786000000.0,
        "Classesof Cash Receiptsfrom Operating Activities": 108201602000000.0,
        "Other Cash Receiptsfrom Operating Activities": 64117000000.0
      },
      "2023-12-31 00:00:00": {
        "Free Cash Flow": -8365164000000.0,
        "Repurchase Of Capital Stock": 0.0,
        "Repayment Of Debt": -658700000000.0,
        "Issuance Of Debt": 6117800000000.0,
        "Issuance Of Capital Stock": 0.0,
        "Capital Expenditure": -485789000000.0,
        "End Cash Position": 45441602000000.0,
        "Beginning Cash Position": 52301571000000.0,
        "Effect Of Exchange Rate Changes": 0.0,
        "Changes In Cash": -6859969000000.0,
        "Financing Cash Flow": 1504711000000.0,
        "Cash Dividends Paid": -3954389000000.0,
        "Common Stock Dividend Paid": -3954389000000.0,
        "Net Common Stock Issuance": 0.0,
        "Common Stock Payments": 0.0,
        "Common Stock Issuance": 0.0,
        "Net Issuance Payments Of Debt": 5459100000000.0,
        "Net Long Term Debt Issuance": 5459100000000.0,
        "Long Term Debt Payments": -658700000000.0,
        "Long Term Debt Issuance": 6117800000000.0,
        "Investing Cash Flow": -485305000000.0,
        "Dividends Received Cfi": 0.0,
        "Net Investment Properties Purchase And Sale": 0.0,
        "Sale Of Investment Properties": 0.0,
        "Purchase Of Investment Properties": 0.0,
        "Net Business Purchase And Sale": 0.0,
        "Sale Of Business": 0.0,
        "Purchase Of Business": 0.0,
        "Net PPE Purchase And Sale": -485305000000.0,
        "Sale Of PPE": 484000000.0,
        "Purchase Of PPE": -485789000000.0,
        "Operating Cash Flow": -7879375000000.0,
        "Cash Flowsfromusedin Operating Activities Direct": -7879375000000.0,
        "Classesof Cash Payments": -73379675000000.0,
        "Other Cash Paymentsfrom Operating Activities": -2431793000000.0,
        "Paymentson Behalfof Employees": -6325142000000.0,
        "Classesof Cash Receiptsfrom Operating Activities": 65500300000000.0,
        "Other Cash Receiptsfrom Operating Activities": 939114000000.0
      },
      "2022-12-31 00:00:00": {
        "Free Cash Flow": -2131966000000.0,
        "Repurchase Of Capital Stock": 0.0,
        "Repayment Of Debt": -2028300000000.0,
        "Issuance Of Debt": 0.0,
        "Issuance Of Capital Stock": 0.0,
        "Capital Expenditure": -426072000000.0,
        "End Cash Position": 52301571000000.0,
        "Beginning Cash Position": 56461208000000.0,
        "Effect Of Exchange Rate Changes": null,
        "Changes In Cash": -4159637000000.0,
        "Financing Cash Flow": -2028300000000.0,
        "Cash Dividends Paid": null,
        "Common Stock Dividend Paid": null,
        "Net Common Stock Issuance": 0.0,
        "Common Stock Payments": 0.0,
        "Common Stock Issuance": 0.0,
        "Net Issuance Payments Of Debt": -2028300000000.0,
        "Net Long Term Debt Issuance": -2028300000000.0,
        "Long Term Debt Payments": -2028300000000.0,
        "Long Term Debt Issuance": 0.0,
        "Investing Cash Flow": -425443000000.0,
        "Dividends Received Cfi": null,
        "Net Investment Properties Purchase And Sale": null,
        "Sale Of Investment Properties": null,
        "Purchase Of Investment Properties": null,
        "Net Business Purchase And Sale": null,
        "Sale Of Business": null,
        "Purchase Of Business": null,
        "Net PPE Purchase And Sale": -425443000000.0,
        "Sale Of PPE": 629000000.0,
        "Purchase Of PPE": -426072000000.0,
        "Operating Cash Flow": -1705894000000.0,
        "Cash Flowsfromusedin Operating Activities Direct": -1705894000000.0,
        "Classesof Cash Payments": -82566722000000.0,
        "Other Cash Paymentsfrom Operating Activities": -28093691000000.0,
        "Paymentson Behalfof Employees": -5737475000000.0,
        "Classesof Cash Receiptsfrom Operating Activities": 80860828000000.0,
        "Other Cash Receiptsfrom Operating Activities": 708450000000.0
      },
      "2021-12-31 00:00:00": {
        "Free Cash Flow": 33600042000000.0,
        "Repurchase Of Capital Stock": 0.0,
        "Repayment Of Debt": -1566300000000.0,
        "Issuance Of Debt": 0.0,
        "Issuance Of Capital Stock": 4418493000000.0,
        "Capital Expenditure": -629215000000.0,
        "End Cash Position": 56461208000000.0,
        "Beginning Cash Position": 20008807000000.0,
        "Effect Of Exchange Rate Changes": null,
        "Changes In Cash": 36452401000000.0,
        "Financing Cash Flow": 2852193000000.0,
        "Cash Dividends Paid": null,
        "Common Stock Dividend Paid": null,
        "Net Common Stock Issuance": 4418493000000.0,
        "Common Stock Payments": 0.0,
        "Common Stock Issuance": 4418493000000.0,
        "Net Issuance Payments Of Debt": -1566300000000.0,
        "Net Long Term Debt Issuance": -1566300000000.0,
        "Long Term Debt Payments": -1566300000000.0,
        "Long Term Debt Issuance": 0.0,
        "Investing Cash Flow": -629049000000.0,
        "Dividends Received Cfi": null,
        "Net Investment Properties Purchase And Sale": null,
        "Sale Of Investment Properties": null,
        "Purchase Of Investment Properties": null,
        "Net Business Purchase And Sale": null,
        "Sale Of Business": null,
        "Purchase Of Business": null,
        "Net PPE Purchase And Sale": -629049000000.0,
        "Sale Of PPE": 166000000.0,
        "Purchase Of PPE": -629215000000.0,
        "Operating Cash Flow": 34229257000000.0,
        "Cash Flowsfromusedin Operating Activities Direct": 34229257000000.0,
        "Classesof Cash Payments": -57978532000000.0,
        "Other Cash Paymentsfrom Operating Activities": -13163713000000.0,
        "Paymentson Behalfof Employees": -4283954000000.0,
        "Classesof Cash Receiptsfrom Operating Activities": 92207789000000.0,
        "Other Cash Receiptsfrom Operating Activities": null
      }
    }
  },
  "metrics": {
    "symbol": "TPB.VN",
    "timestamp": "2026-01-09T18:25:47.624966",
    "pe_ratio": 8.618537,
    "pb_ratio": 1.220793,
    "dividend_yield": 5.4,
    "beta": 0.767,
    "eps": 2042.11,
    "roe": 0.17142001,
    "roa": 0.015620001,
    "debt_to_equity": null,
    "current_ratio": null,
    "quick_ratio": null,
    "profit_margin": 0.42661,
    "operating_margin": 0.52599,
    "free_cashflow": null,
    "52_week_high": 21714.285,
    "52_week_low": 10571.429,
    "revenue": 15330439069696,
    "gross_profit": 15146779934720,
    "operating_income": -24397536559104
  },
  "dividends": {
    "symbol": "TPB.VN",
    "timestamp": "2026-01-09T18:25:47.747185",
    "total_records": 2,
    "dividends": [
      {
        "date": "2024-06-20T00:00:00+07:00",
        "amount": 500.0
      },
      {
        "date": "2025-05-13T00:00:00+07:00",
        "amount": 1000.0
      }
    ]
  },
  "splits": {
    "symbol": "TPB.VN",
    "timestamp": "2026-01-09T18:25:47.826220",
    "total_records": 2,
    "splits": [
      {
        "date": "2024-09-23T00:00:00+07:00",
        "ratio": 1.2
      },
      {
        "date": "2025-10-30T00:00:00+07:00",
        "ratio": 1.05
      }
    ]
  }
}