{
  "symbol": "SSB.VN",
  "timestamp": "2026-01-09T18:25:39.843869",
  "quarterly": {
    "symbol": "SSB.VN",
    "timestamp": "2026-01-09T18:25:40.138976",
    "quarterly_financials": {
      "2025-06-30 00:00:00": {
        "Tax Effect Of Unusual Items": 0.0,
        "Tax Rate For Calcs": 0.199023,
        "Total Unusual Items": null,
        "Total Unusual Items Excluding Goodwill": null,
        "Net Income From Continuing Operation Net Minority Interest": 1206175000000.0,
        "Reconciled Depreciation": null,
        "Net Interest Income": 2464389000000.0,
        "Interest Expense": 3498340000000.0,
        "Interest Income": 5962729000000.0,
        "Normalized Income": 1206175000000.0,
        "Net Income From Continuing And Discontinued Operation": 1206175000000.0,
        "Diluted Average Shares": 2845000000.0,
        "Basic Average Shares": 2845000000.0,
        "Diluted EPS": 423.963093,
        "Basic EPS": 423.963093,
        "Diluted NI Availto Com Stockholders": 1206175000000.0,
        "Net Income Common Stockholders": 1206175000000.0,
        "Otherunder Preferred Stock Dividend": null,
        "Net Income": 1206175000000.0,
        "Minority Interests": null,
        "Net Income Including Noncontrolling Interests": 1206175000000.0,
        "Net Income Continuous Operations": 1206175000000.0,
        "Tax Provision": 299705000000.0,
        "Pretax Income": 1505880000000.0,
        "Special Income Charges": null,
        "Other Special Charges": null,
        "Gain On Sale Of Security": 7544000000.0,
        "Operating Expense": 1013874000000.0,
        "Other Operating Expenses": 1013874000000.0,
        "Depreciation And Amortization In Income Statement": null,
        "Depreciation Income Statement": null,
        "Insurance And Claims": null,
        "Total Revenue": 2738427000000.0,
        "Operating Revenue": 2738427000000.0
      },
      "2025-03-31 00:00:00": {
        "Tax Effect Of Unusual Items": 514151600461.6634,
        "Tax Rate For Calcs": 0.197196,
        "Total Unusual Items": 2607318000000.0,
        "Total Unusual Items Excluding Goodwill": 2607318000000.0,
        "Net Income From Continuing Operation Net Minority Interest": 3492485000000.0,
        "Reconciled Depreciation": 48875000000.0,
        "Net Interest Income": 2450482000000.0,
        "Interest Expense": 3168170000000.0,
        "Interest Income": 5618652000000.0,
        "Normalized Income": 1399318600461.6633,
        "Net Income From Continuing And Discontinued Operation": 3492485000000.0,
        "Diluted Average Shares": 2837888889.0,
        "Basic Average Shares": 2837888889.0,
        "Diluted EPS": 1194.0,
        "Basic EPS": 1194.0,
        "Diluted NI Availto Com Stockholders": 3387710000000.0,
        "Net Income Common Stockholders": 3387710000000.0,
        "Otherunder Preferred Stock Dividend": 104775000000.0,
        "Net Income": 3492485000000.0,
        "Minority Interests": 0.0,
        "Net Income Including Noncontrolling Interests": 3492485000000.0,
        "Net Income Continuous Operations": 3492485000000.0,
        "Tax Provision": 857871000000.0,
        "Pretax Income": 4350356000000.0,
        "Special Income Charges": 2607318000000.0,
        "Other Special Charges": -2607318000000.0,
        "Gain On Sale Of Security": null,
        "Operating Expense": 1095329000000.0,
        "Other Operating Expenses": 417648000000.0,
        "Depreciation And Amortization In Income Statement": 48875000000.0,
        "Depreciation Income Statement": 48875000000.0,
        "Insurance And Claims": 33584000000.0,
        "Total Revenue": 3273924000000.0,
        "Operating Revenue": 3273924000000.0
      },
      "2024-12-31 00:00:00": {
        "Tax Effect Of Unusual Items": 0.0,
        "Tax Rate For Calcs": 0.202615,
        "Total Unusual Items": null,
        "Total Unusual Items Excluding Goodwill": null,
        "Net Income From Continuing Operation Net Minority Interest": 1220935000000.0,
        "Reconciled Depreciation": null,
        "Net Interest Income": 2425898000000.0,
        "Interest Expense": 2842980000000.0,
        "Interest Income": 5268878000000.0,
        "Normalized Income": 1220935000000.0,
        "Net Income From Continuing And Discontinued Operation": 1220935000000.0,
        "Diluted Average Shares": 2835000000.0,
        "Basic Average Shares": 2835000000.0,
        "Diluted EPS": 430.664903,
        "Basic EPS": 430.664903,
        "Diluted NI Availto Com Stockholders": 1220935000000.0,
        "Net Income Common Stockholders": 1220935000000.0,
        "Otherunder Preferred Stock Dividend": null,
        "Net Income": 1220935000000.0,
        "Minority Interests": 0.0,
        "Net Income Including Noncontrolling Interests": 1220935000000.0,
        "Net Income Continuous Operations": 1220935000000.0,
        "Tax Provision": 310239000000.0,
        "Pretax Income": 1531174000000.0,
        "Special Income Charges": null,
        "Other Special Charges": null,
        "Gain On Sale Of Security": 161000000.0,
        "Operating Expense": 1190073000000.0,
        "Other Operating Expenses": 1190073000000.0,
        "Depreciation And Amortization In Income Statement": null,
        "Depreciation Income Statement": null,
        "Insurance And Claims": null,
        "Total Revenue": 3269247000000.0,
        "Operating Revenue": 3269247000000.0
      },
      "2024-09-30 00:00:00": {
        "Tax Effect Of Unusual Items": 0.0,
        "Tax Rate For Calcs": 0.202899,
        "Total Unusual Items": null,
        "Total Unusual Items Excluding Goodwill": null,
        "Net Income From Continuing Operation Net Minority Interest": 1011973000000.0,
        "Reconciled Depreciation": null,
        "Net Interest Income": 2797217000000.0,
        "Interest Expense": 2608061000000.0,
        "Interest Income": 5405278000000.0,
        "Normalized Income": 1011973000000.0,
        "Net Income From Continuing And Discontinued Operation": 1011973000000.0,
        "Diluted Average Shares": 2835000000.0,
        "Basic Average Shares": 2835000000.0,
        "Diluted EPS": 356.956966,
        "Basic EPS": 356.956966,
        "Diluted NI Availto Com Stockholders": 1011973000000.0,
        "Net Income Common Stockholders": 1011973000000.0,
        "Otherunder Preferred Stock Dividend": null,
        "Net Income": 1011973000000.0,
        "Minority Interests": 0.0,
        "Net Income Including Noncontrolling Interests": 1011973000000.0,
        "Net Income Continuous Operations": 1011973000000.0,
        "Tax Provision": 257594000000.0,
        "Pretax Income": 1269567000000.0,
        "Special Income Charges": null,
        "Other Special Charges": null,
        "Gain On Sale Of Security": 445000000.0,
        "Operating Expense": 1178245000000.0,
        "Other Operating Expenses": 1178245000000.0,
        "Depreciation And Amortization In Income Statement": null,
        "Depreciation Income Statement": null,
        "Insurance And Claims": null,
        "Total Revenue": 3226994000000.0,
        "Operating Revenue": 3226994000000.0
      },
      "2024-06-30 00:00:00": {
        "Tax Effect Of Unusual Items": 0.0,
        "Tax Rate For Calcs": 0.202387,
        "Total Unusual Items": null,
        "Total Unusual Items Excluding Goodwill": null,
        "Net Income From Continuing Operation Net Minority Interest": 1381786000000.0,
        "Reconciled Depreciation": null,
        "Net Interest Income": 2741576000000.0,
        "Interest Expense": 2512494000000.0,
        "Interest Income": 5254070000000.0,
        "Normalized Income": 1381786000000.0,
        "Net Income From Continuing And Discontinued Operation": 1381786000000.0,
        "Diluted Average Shares": 2834997902.0,
        "Basic Average Shares": 2834997902.0,
        "Diluted EPS": 487.40283,
        "Basic EPS": 487.40283,
        "Diluted NI Availto Com Stockholders": 1381786000000.0,
        "Net Income Common Stockholders": 1381786000000.0,
        "Otherunder Preferred Stock Dividend": null,
        "Net Income": 1381786000000.0,
        "Minority Interests": null,
        "Net Income Including Noncontrolling Interests": 1381786000000.0,
        "Net Income Continuous Operations": 1381786000000.0,
        "Tax Provision": 350616000000.0,
        "Pretax Income": 1732402000000.0,
        "Special Income Charges": null,
        "Other Special Charges": null,
        "Gain On Sale Of Security": 827000000.0,
        "Operating Expense": 998011000000.0,
        "Other Operating Expenses": 998011000000.0,
        "Depreciation And Amortization In Income Statement": null,
        "Depreciation Income Statement": null,
        "Insurance And Claims": null,
        "Total Revenue": 3353712000000.0,
        "Operating Revenue": 3353712000000.0
      }
    },
    "quarterly_balance_sheet": {
      "2025-09-30 00:00:00": {
        "Ordinary Shares Number": null,
        "Share Issued": null,
        "Total Debt": null,
        "Tangible Book Value": null,
        "Invested Capital": null,
        "Net Tangible Assets": null,
        "Common Stock Equity": null,
        "Total Capitalization": null,
        "Total Equity Gross Minority Interest": null,
        "Stockholders Equity": null,
        "Retained Earnings": null,
        "Additional Paid In Capital": null,
        "Capital Stock": null,
        "Common Stock": null,
        "Total Liabilities Net Minority Interest": null,
        "Derivative Product Liabilities": null,
        "Long Term Debt And Capital Lease Obligation": null,
        "Payables": null,
        "Other Payable": null,
        "Total Tax Payable": null,
        "Accounts Payable": null,
        "Total Assets": null,
        "Investments And Advances": null,
        "Investmentin Financial Assets": null,
        "Held To Maturity Securities": 0.0,
        "Available For Sale Securities": 24606615000000.0,
        "Trading Securities": null,
        "Long Term Equity Investment": null,
        "Investments In Other Ventures Under Equity Method": null,
        "Investment Properties": null,
        "Goodwill And Other Intangible Assets": null,
        "Other Intangible Assets": null,
        "Goodwill": null,
        "Net PPE": null,
        "Accumulated Depreciation": null,
        "Gross PPE": null,
        "Other Properties": null,
        "Machinery Furniture Equipment": null,
        "Buildings And Improvements": null,
        "Receivables": null,
        "Cash And Cash Equivalents": null,
        "Cash Equivalents": null,
        "Cash Financial": null,
        "Cash Cash Equivalents And Federal Funds Sold": null
      },
      "2025-06-30 00:00:00": {
        "Ordinary Shares Number": 2845000000.0,
        "Share Issued": 2845000000.0,
        "Total Debt": 69228365000000.0,
        "Tangible Book Value": 38614543000000.0,
        "Invested Capital": 108789235000000.0,
        "Net Tangible Assets": 38614543000000.0,
        "Common Stock Equity": 39560870000000.0,
        "Total Capitalization": 108789235000000.0,
        "Total Equity Gross Minority Interest": 39560870000000.0,
        "Stockholders Equity": 39560870000000.0,
        "Retained Earnings": 8442277000000.0,
        "Additional Paid In Capital": 3167000000.0,
        "Capital Stock": 28450000000000.0,
        "Common Stock": 28450000000000.0,
        "Total Liabilities Net Minority Interest": 339525772000000.0,
        "Derivative Product Liabilities": 702967000000.0,
        "Long Term Debt And Capital Lease Obligation": 69228365000000.0,
        "Payables": 5665494000000.0,
        "Other Payable": 342774000000.0,
        "Total Tax Payable": 1054365000000.0,
        "Accounts Payable": 4268355000000.0,
        "Total Assets": 379086642000000.0,
        "Investments And Advances": 33616229000000.0,
        "Investmentin Financial Assets": 33557159000000.0,
        "Held To Maturity Securities": 0.0,
        "Available For Sale Securities": 23292635000000.0,
        "Trading Securities": 10264524000000.0,
        "Long Term Equity Investment": 59070000000.0,
        "Investments In Other Ventures Under Equity Method": 59070000000.0,
        "Investment Properties": 56855000000.0,
        "Goodwill And Other Intangible Assets": 946327000000.0,
        "Other Intangible Assets": 946327000000.0,
        "Goodwill": 0.0,
        "Net PPE": 508877000000.0,
        "Accumulated Depreciation": -642295000000.0,
        "Gross PPE": 1151172000000.0,
        "Other Properties": 481010000000.0,
        "Machinery Furniture Equipment": 652773000000.0,
        "Buildings And Improvements": 17389000000.0,
        "Receivables": 6893895000000.0,
        "Cash And Cash Equivalents": 114998789000000.0,
        "Cash Equivalents": 7048000000.0,
        "Cash Financial": 1081366000000.0,
        "Cash Cash Equivalents And Federal Funds Sold": 114998789000000.0
      },
      "2025-03-31 00:00:00": {
        "Ordinary Shares Number": 2845000000.0,
        "Share Issued": 2845000000.0,
        "Total Debt": 57530489000000.0,
        "Tangible Book Value": 37647770000000.0,
        "Invested Capital": 96130095000000.0,
        "Net Tangible Assets": 37647770000000.0,
        "Common Stock Equity": 38599606000000.0,
        "Total Capitalization": 96130095000000.0,
        "Total Equity Gross Minority Interest": 38599606000000.0,
        "Stockholders Equity": 38599606000000.0,
        "Retained Earnings": 7475902000000.0,
        "Additional Paid In Capital": 3167000000.0,
        "Capital Stock": 28450000000000.0,
        "Common Stock": 28450000000000.0,
        "Total Liabilities Net Minority Interest": 295146662000000.0,
        "Derivative Product Liabilities": 528630000000.0,
        "Long Term Debt And Capital Lease Obligation": 57530489000000.0,
        "Payables": 4436106000000.0,
        "Other Payable": 353642000000.0,
        "Total Tax Payable": 880523000000.0,
        "Accounts Payable": 3201941000000.0,
        "Total Assets": 333746268000000.0,
        "Investments And Advances": 30335724000000.0,
        "Investmentin Financial Assets": 30277017000000.0,
        "Held To Maturity Securities": 0.0,
        "Available For Sale Securities": 20410871000000.0,
        "Trading Securities": 9866146000000.0,
        "Long Term Equity Investment": 58707000000.0,
        "Investments In Other Ventures Under Equity Method": 58707000000.0,
        "Investment Properties": 53716000000.0,
        "Goodwill And Other Intangible Assets": 951836000000.0,
        "Other Intangible Assets": 951836000000.0,
        "Goodwill": 0.0,
        "Net PPE": 466075000000.0,
        "Accumulated Depreciation": -622903000000.0,
        "Gross PPE": 1088978000000.0,
        "Other Properties": 473880000000.0,
        "Machinery Furniture Equipment": 596421000000.0,
        "Buildings And Improvements": 18677000000.0,
        "Receivables": 5765150000000.0,
        "Cash And Cash Equivalents": 81690100000000.0,
        "Cash Equivalents": 5986000000.0,
        "Cash Financial": 909564000000.0,
        "Cash Cash Equivalents And Federal Funds Sold": 81690100000000.0
      },
      "2024-12-31 00:00:00": {
        "Ordinary Shares Number": 2835000000.0,
        "Share Issued": 2835000000.0,
        "Total Debt": 59859725000000.0,
        "Tangible Book Value": 33857269000000.0,
        "Invested Capital": 94862580000000.0,
        "Net Tangible Assets": 33857269000000.0,
        "Common Stock Equity": 35002855000000.0,
        "Total Capitalization": 94862580000000.0,
        "Total Equity Gross Minority Interest": 35002855000000.0,
        "Stockholders Equity": 35002855000000.0,
        "Retained Earnings": 3983417000000.0,
        "Additional Paid In Capital": 3167000000.0,
        "Capital Stock": 28350000000000.0,
        "Common Stock": 28350000000000.0,
        "Total Liabilities Net Minority Interest": 290695993000000.0,
        "Derivative Product Liabilities": 303574000000.0,
        "Long Term Debt And Capital Lease Obligation": 59859725000000.0,
        "Payables": 4039587000000.0,
        "Other Payable": 242411000000.0,
        "Total Tax Payable": 856402000000.0,
        "Accounts Payable": 2940774000000.0,
        "Total Assets": 325698848000000.0,
        "Investments And Advances": 27456438000000.0,
        "Investmentin Financial Assets": 27394369000000.0,
        "Held To Maturity Securities": 2076561000000.0,
        "Available For Sale Securities": 17555894000000.0,
        "Trading Securities": 7761914000000.0,
        "Long Term Equity Investment": 62069000000.0,
        "Investments In Other Ventures Under Equity Method": 62069000000.0,
        "Investment Properties": 54010000000.0,
        "Goodwill And Other Intangible Assets": 1145586000000.0,
        "Other Intangible Assets": 878565000000.0,
        "Goodwill": 267021000000.0,
        "Net PPE": 488465000000.0,
        "Accumulated Depreciation": -603487000000.0,
        "Gross PPE": 1091952000000.0,
        "Other Properties": 473880000000.0,
        "Machinery Furniture Equipment": 599395000000.0,
        "Buildings And Improvements": 18677000000.0,
        "Receivables": 4784426000000.0,
        "Cash And Cash Equivalents": 81287896000000.0,
        "Cash Equivalents": 4947000000.0,
        "Cash Financial": 958776000000.0,
        "Cash Cash Equivalents And Federal Funds Sold": 81287896000000.0
      },
      "2024-09-30 00:00:00": {
        "Ordinary Shares Number": 2835000000.0,
        "Share Issued": 2835000000.0,
        "Total Debt": 38248826000000.0,
        "Tangible Book Value": 32635403000000.0,
        "Invested Capital": 72026494000000.0,
        "Net Tangible Assets": 32635403000000.0,
        "Common Stock Equity": 33777668000000.0,
        "Total Capitalization": 72026494000000.0,
        "Total Equity Gross Minority Interest": 33777668000000.0,
        "Stockholders Equity": 33777668000000.0,
        "Retained Earnings": 3713414000000.0,
        "Additional Paid In Capital": 3167000000.0,
        "Capital Stock": 28350000000000.0,
        "Common Stock": 28350000000000.0,
        "Total Liabilities Net Minority Interest": 254740132000000.0,
        "Derivative Product Liabilities": 90308000000.0,
        "Long Term Debt And Capital Lease Obligation": 38248826000000.0,
        "Payables": 3976213000000.0,
        "Other Payable": 734827000000.0,
        "Total Tax Payable": 721997000000.0,
        "Accounts Payable": 2519389000000.0,
        "Total Assets": 288517800000000.0,
        "Investments And Advances": 23270267000000.0,
        "Investmentin Financial Assets": 23208198000000.0,
        "Held To Maturity Securities": 0.0,
        "Available For Sale Securities": 16771225000000.0,
        "Trading Securities": 6436973000000.0,
        "Long Term Equity Investment": 62069000000.0,
        "Investments In Other Ventures Under Equity Method": 62069000000.0,
        "Investment Properties": 55331000000.0,
        "Goodwill And Other Intangible Assets": 1142265000000.0,
        "Other Intangible Assets": 857443000000.0,
        "Goodwill": 284822000000.0,
        "Net PPE": 490716000000.0,
        "Accumulated Depreciation": -596257000000.0,
        "Gross PPE": 1086973000000.0,
        "Other Properties": 463318000000.0,
        "Machinery Furniture Equipment": 604866000000.0,
        "Buildings And Improvements": 18789000000.0,
        "Receivables": 7807071000000.0,
        "Cash And Cash Equivalents": 56522243000000.0,
        "Cash Equivalents": 4906000000.0,
        "Cash Financial": 855003000000.0,
        "Cash Cash Equivalents And Federal Funds Sold": 56522243000000.0
      },
      "2024-06-30 00:00:00": {
        "Ordinary Shares Number": 2834997902.0,
        "Share Issued": 2834997902.0,
        "Total Debt": 40328108000000.0,
        "Tangible Book Value": 31753667000000.0,
        "Invested Capital": 73096776000000.0,
        "Net Tangible Assets": 31753667000000.0,
        "Common Stock Equity": 32768668000000.0,
        "Total Capitalization": 73096776000000.0,
        "Total Equity Gross Minority Interest": 32768668000000.0,
        "Stockholders Equity": 32768668000000.0,
        "Retained Earnings": 5991441000000.0,
        "Additional Paid In Capital": 106167000000.0,
        "Capital Stock": 24957000000000.0,
        "Common Stock": 24957000000000.0,
        "Total Liabilities Net Minority Interest": 247889283000000.0,
        "Derivative Product Liabilities": 31441000000.0,
        "Long Term Debt And Capital Lease Obligation": 40328108000000.0,
        "Payables": 3762844000000.0,
        "Other Payable": 207808000000.0,
        "Total Tax Payable": 541585000000.0,
        "Accounts Payable": 3013451000000.0,
        "Total Assets": 280657951000000.0,
        "Investments And Advances": 21304834000000.0,
        "Investmentin Financial Assets": 21242765000000.0,
        "Held To Maturity Securities": null,
        "Available For Sale Securities": null,
        "Trading Securities": 4250418000000.0,
        "Long Term Equity Investment": 62069000000.0,
        "Investments In Other Ventures Under Equity Method": 62069000000.0,
        "Investment Properties": 55220000000.0,
        "Goodwill And Other Intangible Assets": 1015001000000.0,
        "Other Intangible Assets": 712378000000.0,
        "Goodwill": 302623000000.0,
        "Net PPE": 508702000000.0,
        "Accumulated Depreciation": -574094000000.0,
        "Gross PPE": 1082796000000.0,
        "Other Properties": 463774000000.0,
        "Machinery Furniture Equipment": 600233000000.0,
        "Buildings And Improvements": 18789000000.0,
        "Receivables": 11086485000000.0,
        "Cash And Cash Equivalents": 56630632000000.0,
        "Cash Equivalents": 4709000000.0,
        "Cash Financial": 885769000000.0,
        "Cash Cash Equivalents And Federal Funds Sold": 56630632000000.0
      }
    },
    "quarterly_cash_flow": {
      "2025-06-30 00:00:00": {
        "Free Cash Flow": 33120624000000.0,
        "Issuance Of Capital Stock": 0.0,
        "Capital Expenditure": -83055000000.0,
        "End Cash Position": 114998789000000.0,
        "Beginning Cash Position": 81859488000000.0,
        "Changes In Cash": 33139301000000.0,
        "Financing Cash Flow": 0.0,
        "Net Common Stock Issuance": 0.0,
        "Common Stock Issuance": 0.0,
        "Investing Cash Flow": -64378000000.0,
        "Dividends Received Cfi": 7544000000.0,
        "Net Investment Purchase And Sale": null,
        "Sale Of Investment": null,
        "Net Investment Properties Purchase And Sale": 0.0,
        "Sale Of Investment Properties": 0.0,
        "Net PPE Purchase And Sale": -71922000000.0,
        "Sale Of PPE": 11133000000.0,
        "Purchase Of PPE": -83055000000.0,
        "Operating Cash Flow": 33203679000000.0,
        "Cash Flowsfromusedin Operating Activities Direct": 33203679000000.0,
        "Classesof Cash Payments": -7763091000000.0,
        "Other Cash Paymentsfrom Operating Activities": -3043964000000.0,
        "Paymentson Behalfof Employees": -925359000000.0,
        "Classesof Cash Receiptsfrom Operating Activities": 40966770000000.0,
        "Other Cash Receiptsfrom Operating Activities": -25274000000.0
      },
      "2025-03-31 00:00:00": {
        "Free Cash Flow": -2730046000000.0,
        "Issuance Of Capital Stock": 100000000000.0,
        "Capital Expenditure": -107863000000.0,
        "End Cash Position": 81859488000000.0,
        "Beginning Cash Position": 80183094000000.0,
        "Changes In Cash": 1676394000000.0,
        "Financing Cash Flow": 100000000000.0,
        "Net Common Stock Issuance": 100000000000.0,
        "Common Stock Issuance": 100000000000.0,
        "Investing Cash Flow": 4198577000000.0,
        "Dividends Received Cfi": 0.0,
        "Net Investment Purchase And Sale": 4300000000000.0,
        "Sale Of Investment": 4300000000000.0,
        "Net Investment Properties Purchase And Sale": 6440000000.0,
        "Sale Of Investment Properties": 6440000000.0,
        "Net PPE Purchase And Sale": -107863000000.0,
        "Sale Of PPE": 0.0,
        "Purchase Of PPE": -107863000000.0,
        "Operating Cash Flow": -2622183000000.0,
        "Cash Flowsfromusedin Operating Activities Direct": -2622183000000.0,
        "Classesof Cash Payments": -23696134000000.0,
        "Other Cash Paymentsfrom Operating Activities": -2726982000000.0,
        "Paymentson Behalfof Employees": -984765000000.0,
        "Classesof Cash Receiptsfrom Operating Activities": 21073951000000.0,
        "Other Cash Receiptsfrom Operating Activities": 71449000000.0
      },
      "2024-12-31 00:00:00": {
        "Free Cash Flow": 25655253000000.0,
        "Issuance Of Capital Stock": null,
        "Capital Expenditure": -54752000000.0,
        "End Cash Position": 82183094000000.0,
        "Beginning Cash Position": 56522243000000.0,
        "Changes In Cash": 25660851000000.0,
        "Financing Cash Flow": null,
        "Net Common Stock Issuance": null,
        "Common Stock Issuance": null,
        "Investing Cash Flow": -49154000000.0,
        "Dividends Received Cfi": 161000000.0,
        "Net Investment Purchase And Sale": null,
        "Sale Of Investment": null,
        "Net Investment Properties Purchase And Sale": 5224000000.0,
        "Sale Of Investment Properties": 5224000000.0,
        "Net PPE Purchase And Sale": -54539000000.0,
        "Sale Of PPE": 213000000.0,
        "Purchase Of PPE": -54752000000.0,
        "Operating Cash Flow": 25710005000000.0,
        "Cash Flowsfromusedin Operating Activities Direct": 25710005000000.0,
        "Classesof Cash Payments": -16513122000000.0,
        "Other Cash Paymentsfrom Operating Activities": 243640000000.0,
        "Paymentson Behalfof Employees": -1103899000000.0,
        "Classesof Cash Receiptsfrom Operating Activities": 42223127000000.0,
        "Other Cash Receiptsfrom Operating Activities": 2498292000000.0
      },
      "2024-09-30 00:00:00": {
        "Free Cash Flow": -7111210000000.0,
        "Issuance Of Capital Stock": null,
        "Capital Expenditure": -161379000000.0,
        "End Cash Position": 56522243000000.0,
        "Beginning Cash Position": 63630650000000.0,
        "Changes In Cash": -7108407000000.0,
        "Financing Cash Flow": null,
        "Net Common Stock Issuance": null,
        "Common Stock Issuance": null,
        "Investing Cash Flow": -158576000000.0,
        "Dividends Received Cfi": 445000000.0,
        "Net Investment Purchase And Sale": null,
        "Sale Of Investment": null,
        "Net Investment Properties Purchase And Sale": 2249000000.0,
        "Sale Of Investment Properties": 2249000000.0,
        "Net PPE Purchase And Sale": -161270000000.0,
        "Sale Of PPE": 109000000.0,
        "Purchase Of PPE": -161379000000.0,
        "Operating Cash Flow": -6949831000000.0,
        "Cash Flowsfromusedin Operating Activities Direct": -6949831000000.0,
        "Classesof Cash Payments": -11937376000000.0,
        "Other Cash Paymentsfrom Operating Activities": 1842606000000.0,
        "Paymentson Behalfof Employees": -1095201000000.0,
        "Classesof Cash Receiptsfrom Operating Activities": 4987545000000.0,
        "Other Cash Receiptsfrom Operating Activities": null
      },
      "2024-06-30 00:00:00": {
        "Free Cash Flow": 5309153000000.0,
        "Issuance Of Capital Stock": 0.0,
        "Capital Expenditure": -19001000000.0,
        "End Cash Position": 63630650000000.0,
        "Beginning Cash Position": 58320574000000.0,
        "Changes In Cash": 5310076000000.0,
        "Financing Cash Flow": 0.0,
        "Net Common Stock Issuance": 0.0,
        "Common Stock Issuance": 0.0,
        "Investing Cash Flow": -18078000000.0,
        "Dividends Received Cfi": 827000000.0,
        "Net Investment Purchase And Sale": null,
        "Sale Of Investment": null,
        "Net Investment Properties Purchase And Sale": 0.0,
        "Sale Of Investment Properties": 0.0,
        "Net PPE Purchase And Sale": -18905000000.0,
        "Sale Of PPE": 96000000.0,
        "Purchase Of PPE": -19001000000.0,
        "Operating Cash Flow": 5328154000000.0,
        "Cash Flowsfromusedin Operating Activities Direct": 5328154000000.0,
        "Classesof Cash Payments": -10881344000000.0,
        "Other Cash Paymentsfrom Operating Activities": -3621647000000.0,
        "Paymentson Behalfof Employees": -914850000000.0,
        "Classesof Cash Receiptsfrom Operating Activities": 16209498000000.0,
        "Other Cash Receiptsfrom Operating Activities": null
      }
    }
  },
  "annual": {
    "symbol": "SSB.VN",
    "timestamp": "2026-01-09T18:25:40.676442",
    "annual_financials": {
      "2024-12-31 00:00:00": {
        "Tax Effect Of Unusual Items": 0.0,
        "Tax Rate For Calcs": 0.202565,
        "Net Income From Continuing Operation Net Minority Interest": 4816026000000.0,
        "Reconciled Depreciation": 139134000000.0,
        "Net Interest Income": 9966410000000.0,
        "Interest Expense": 10750195000000.0,
        "Interest Income": 20716605000000.0,
        "Normalized Income": 4816026000000.0,
        "Net Income From Continuing And Discontinued Operation": 4816026000000.0,
        "Diluted Average Shares": 2835000000.0,
        "Basic Average Shares": 2835000000.0,
        "Diluted EPS": 1648.0,
        "Basic EPS": 1648.0,
        "Diluted NI Availto Com Stockholders": 4671545000000.0,
        "Net Income Common Stockholders": 4671545000000.0,
        "Otherunder Preferred Stock Dividend": 144481000000.0,
        "Net Income": 4816026000000.0,
        "Minority Interests": 0.0,
        "Net Income Including Noncontrolling Interests": 4816026000000.0,
        "Net Income Continuous Operations": 4816026000000.0,
        "Tax Provision": 1223373000000.0,
        "Pretax Income": 6039399000000.0,
        "Gain On Sale Of Security": 402737000000.0,
        "Operating Expense": 4150799000000.0,
        "Other Operating Expenses": 1762401000000.0,
        "Depreciation And Amortization In Income Statement": 139134000000.0,
        "Depreciation Income Statement": 139134000000.0,
        "Insurance And Claims": 135804000000.0,
        "Total Revenue": 12429580000000.0,
        "Operating Revenue": 12429580000000.0
      },
      "2023-12-31 00:00:00": {
        "Tax Effect Of Unusual Items": 0.0,
        "Tax Rate For Calcs": 0.203529,
        "Net Income From Continuing Operation Net Minority Interest": 3676955000000.0,
        "Reconciled Depreciation": 126456000000.0,
        "Net Interest Income": 7070719000000.0,
        "Interest Expense": 12647771000000.0,
        "Interest Income": 19718490000000.0,
        "Normalized Income": 3676955000000.0,
        "Net Income From Continuing And Discontinued Operation": 3676955000000.0,
        "Diluted Average Shares": 2794265753.0,
        "Basic Average Shares": 2794265753.0,
        "Diluted EPS": 1277.0,
        "Basic EPS": 1277.0,
        "Diluted NI Availto Com Stockholders": 3566945000000.0,
        "Net Income Common Stockholders": 3566945000000.0,
        "Otherunder Preferred Stock Dividend": 110010000000.0,
        "Net Income": 3676955000000.0,
        "Minority Interests": 0.0,
        "Net Income Including Noncontrolling Interests": 3676955000000.0,
        "Net Income Continuous Operations": 3676955000000.0,
        "Tax Provision": 939603000000.0,
        "Pretax Income": 4616558000000.0,
        "Gain On Sale Of Security": 317260000000.0,
        "Operating Expense": 3620697000000.0,
        "Other Operating Expenses": 1520235000000.0,
        "Depreciation And Amortization In Income Statement": 126456000000.0,
        "Depreciation Income Statement": 126456000000.0,
        "Insurance And Claims": 117411000000.0,
        "Total Revenue": 9437540000000.0,
        "Operating Revenue": 9437540000000.0
      },
      "2022-12-31 00:00:00": {
        "Tax Effect Of Unusual Items": 0.0,
        "Tax Rate For Calcs": 0.200446,
        "Net Income From Continuing Operation Net Minority Interest": 4052928000000.0,
        "Reconciled Depreciation": 93021000000.0,
        "Net Interest Income": 7005927000000.0,
        "Interest Expense": 8143873000000.0,
        "Interest Income": 15149800000000.0,
        "Normalized Income": 4052928000000.0,
        "Net Income From Continuing And Discontinued Operation": 4052928000000.0,
        "Diluted Average Shares": 2851582798.0,
        "Basic Average Shares": 2851582798.0,
        "Diluted EPS": 1380.338799,
        "Basic EPS": 1380.338799,
        "Diluted NI Availto Com Stockholders": 3936592000000.0,
        "Net Income Common Stockholders": 3936592000000.0,
        "Otherunder Preferred Stock Dividend": 116336000000.0,
        "Net Income": 4052928000000.0,
        "Minority Interests": 0.0,
        "Net Income Including Noncontrolling Interests": 4052928000000.0,
        "Net Income Continuous Operations": 4052928000000.0,
        "Tax Provision": 1016058000000.0,
        "Pretax Income": 5068986000000.0,
        "Gain On Sale Of Security": 814396000000.0,
        "Operating Expense": 3425455000000.0,
        "Other Operating Expenses": 1432297000000.0,
        "Depreciation And Amortization In Income Statement": 93021000000.0,
        "Depreciation Income Statement": 93021000000.0,
        "Insurance And Claims": 100038000000.0,
        "Total Revenue": 9669179000000.0,
        "Operating Revenue": 9669179000000.0
      },
      "2021-12-31 00:00:00": {
        "Tax Effect Of Unusual Items": 0.0,
        "Tax Rate For Calcs": 0.202543,
        "Net Income From Continuing Operation Net Minority Interest": 2606518000000.0,
        "Reconciled Depreciation": 74921000000.0,
        "Net Interest Income": 5186093000000.0,
        "Interest Expense": 6618395000000.0,
        "Interest Income": 11804488000000.0,
        "Normalized Income": 2606518000000.0,
        "Net Income From Continuing And Discontinued Operation": 2606518000000.0,
        "Diluted Average Shares": 2511620311.0,
        "Basic Average Shares": 2511620311.0,
        "Diluted EPS": 1030.658889,
        "Basic EPS": 1030.658889,
        "Diluted NI Availto Com Stockholders": 2588099000000.0,
        "Net Income Common Stockholders": 2588099000000.0,
        "Otherunder Preferred Stock Dividend": 18419000000.0,
        "Net Income": 2606518000000.0,
        "Minority Interests": 0.0,
        "Net Income Including Noncontrolling Interests": 2606518000000.0,
        "Net Income Continuous Operations": 2606518000000.0,
        "Tax Provision": 662020000000.0,
        "Pretax Income": 3268538000000.0,
        "Gain On Sale Of Security": 367096000000.0,
        "Operating Expense": 2615310000000.0,
        "Other Operating Expenses": 1111689000000.0,
        "Depreciation And Amortization In Income Statement": 74921000000.0,
        "Depreciation Income Statement": 74921000000.0,
        "Insurance And Claims": 112083000000.0,
        "Total Revenue": 7121686000000.0,
        "Operating Revenue": 7121686000000.0
      }
    },
    "annual_balance_sheet": {
      "2024-12-31 00:00:00": {
        "Treasury Shares Number": null,
        "Ordinary Shares Number": 2835000000.0,
        "Share Issued": 2835000000.0,
        "Net Debt": null,
        "Total Debt": 59859725000000.0,
        "Tangible Book Value": 33857269000000.0,
        "Invested Capital": 94862580000000.0,
        "Net Tangible Assets": 33857269000000.0,
        "Common Stock Equity": 35002855000000.0,
        "Total Capitalization": 94862580000000.0,
        "Total Equity Gross Minority Interest": 35002855000000.0,
        "Minority Interest": null,
        "Stockholders Equity": 35002855000000.0,
        "Other Equity Interest": null,
        "Retained Earnings": 3983417000000.0,
        "Additional Paid In Capital": 3167000000.0,
        "Capital Stock": 28350000000000.0,
        "Common Stock": 28350000000000.0,
        "Total Liabilities Net Minority Interest": 290695993000000.0,
        "Derivative Product Liabilities": 303574000000.0,
        "Long Term Debt And Capital Lease Obligation": 59859725000000.0,
        "Payables": 4039587000000.0,
        "Other Payable": 242411000000.0,
        "Total Tax Payable": 856402000000.0,
        "Accounts Payable": 2940774000000.0,
        "Total Assets": 325698848000000.0,
        "Investments And Advances": 27456438000000.0,
        "Investmentin Financial Assets": 27394369000000.0,
        "Held To Maturity Securities": 2076561000000.0,
        "Available For Sale Securities": 17555894000000.0,
        "Trading Securities": 7761914000000.0,
        "Long Term Equity Investment": 62069000000.0,
        "Investments In Other Ventures Under Equity Method": 62069000000.0,
        "Investment Properties": 54010000000.0,
        "Goodwill And Other Intangible Assets": 1145586000000.0,
        "Other Intangible Assets": 878565000000.0,
        "Goodwill": 267021000000.0,
        "Net PPE": 488465000000.0,
        "Accumulated Depreciation": -603487000000.0,
        "Gross PPE": 1091952000000.0,
        "Other Properties": 473880000000.0,
        "Machinery Furniture Equipment": 599395000000.0,
        "Buildings And Improvements": 18677000000.0,
        "Receivables": 4784426000000.0,
        "Cash And Cash Equivalents": 81287896000000.0,
        "Cash Equivalents": 4947000000.0,
        "Cash Financial": 958776000000.0,
        "Cash Cash Equivalents And Federal Funds Sold": 81287896000000.0
      },
      "2023-12-31 00:00:00": {
        "Treasury Shares Number": 0.0,
        "Ordinary Shares Number": 2834997902.0,
        "Share Issued": 2834997902.0,
        "Net Debt": null,
        "Total Debt": 36498359000000.0,
        "Tangible Book Value": 29240580000000.0,
        "Invested Capital": 66795198000000.0,
        "Net Tangible Assets": 29240580000000.0,
        "Common Stock Equity": 30296839000000.0,
        "Total Capitalization": 66795198000000.0,
        "Total Equity Gross Minority Interest": 30296839000000.0,
        "Minority Interest": null,
        "Stockholders Equity": 30296839000000.0,
        "Other Equity Interest": 1715339000000.0,
        "Retained Earnings": 3518333000000.0,
        "Additional Paid In Capital": 106167000000.0,
        "Capital Stock": 24957000000000.0,
        "Common Stock": 24957000000000.0,
        "Total Liabilities Net Minority Interest": 235825076000000.0,
        "Derivative Product Liabilities": 107131000000.0,
        "Long Term Debt And Capital Lease Obligation": 36498359000000.0,
        "Payables": 4647444000000.0,
        "Other Payable": 303190000000.0,
        "Total Tax Payable": 587526000000.0,
        "Accounts Payable": 3756728000000.0,
        "Total Assets": 266121915000000.0,
        "Investments And Advances": 22501894000000.0,
        "Investmentin Financial Assets": 22440002000000.0,
        "Held To Maturity Securities": 255491000000.0,
        "Available For Sale Securities": 14031275000000.0,
        "Trading Securities": 8153236000000.0,
        "Long Term Equity Investment": 61892000000.0,
        "Investments In Other Ventures Under Equity Method": 61892000000.0,
        "Investment Properties": 56584000000.0,
        "Goodwill And Other Intangible Assets": 1056259000000.0,
        "Other Intangible Assets": 718033000000.0,
        "Goodwill": 338226000000.0,
        "Net PPE": 551265000000.0,
        "Accumulated Depreciation": -531608000000.0,
        "Gross PPE": 1082873000000.0,
        "Other Properties": 462861000000.0,
        "Machinery Furniture Equipment": 600937000000.0,
        "Buildings And Improvements": 19075000000.0,
        "Receivables": 10411715000000.0,
        "Cash And Cash Equivalents": 49659218000000.0,
        "Cash Equivalents": 26628000000.0,
        "Cash Financial": 824671000000.0,
        "Cash Cash Equivalents And Federal Funds Sold": 49659218000000.0
      },
      "2022-12-31 00:00:00": {
        "Treasury Shares Number": null,
        "Ordinary Shares Number": 2787287876.0,
        "Share Issued": 2787287876.0,
        "Net Debt": null,
        "Total Debt": 36959482000000.0,
        "Tangible Book Value": 25164286000000.0,
        "Invested Capital": 63191702000000.0,
        "Net Tangible Assets": 25164286000000.0,
        "Common Stock Equity": 26232220000000.0,
        "Total Capitalization": 63191702000000.0,
        "Total Equity Gross Minority Interest": 26232220000000.0,
        "Minority Interest": 0.0,
        "Stockholders Equity": 26232220000000.0,
        "Other Equity Interest": 1155967000000.0,
        "Retained Earnings": 3469086000000.0,
        "Additional Paid In Capital": 1204184000000.0,
        "Capital Stock": 20402983000000.0,
        "Common Stock": 20402983000000.0,
        "Total Liabilities Net Minority Interest": 205190836000000.0,
        "Derivative Product Liabilities": 14963000000.0,
        "Long Term Debt And Capital Lease Obligation": 36959482000000.0,
        "Payables": 4497834000000.0,
        "Other Payable": 340709000000.0,
        "Total Tax Payable": 434315000000.0,
        "Accounts Payable": 3722810000000.0,
        "Total Assets": 231423056000000.0,
        "Investments And Advances": 12695343000000.0,
        "Investmentin Financial Assets": 12634030000000.0,
        "Held To Maturity Securities": 697516000000.0,
        "Available For Sale Securities": 7949429000000.0,
        "Trading Securities": 3987085000000.0,
        "Long Term Equity Investment": 61313000000.0,
        "Investments In Other Ventures Under Equity Method": null,
        "Investment Properties": 58047000000.0,
        "Goodwill And Other Intangible Assets": 1067934000000.0,
        "Other Intangible Assets": 658503000000.0,
        "Goodwill": 409431000000.0,
        "Net PPE": 427189000000.0,
        "Accumulated Depreciation": -450490000000.0,
        "Gross PPE": 877679000000.0,
        "Other Properties": 418372000000.0,
        "Machinery Furniture Equipment": 440232000000.0,
        "Buildings And Improvements": 19075000000.0,
        "Receivables": 8084555000000.0,
        "Cash And Cash Equivalents": 52327123000000.0,
        "Cash Equivalents": 821000000.0,
        "Cash Financial": 1036986000000.0,
        "Cash Cash Equivalents And Federal Funds Sold": 52327123000000.0
      },
      "2021-12-31 00:00:00": {
        "Treasury Shares Number": null,
        "Ordinary Shares Number": null,
        "Share Issued": null,
        "Net Debt": 758606000000.0,
        "Total Debt": 41867486000000.0,
        "Tangible Book Value": 17586392000000.0,
        "Invested Capital": 60530750000000.0,
        "Net Tangible Assets": 17586392000000.0,
        "Common Stock Equity": 18663264000000.0,
        "Total Capitalization": 60530750000000.0,
        "Total Equity Gross Minority Interest": 18663264000000.0,
        "Minority Interest": 0.0,
        "Stockholders Equity": 18663264000000.0,
        "Other Equity Interest": 855641000000.0,
        "Retained Earnings": 2212116000000.0,
        "Additional Paid In Capital": 810623000000.0,
        "Capital Stock": 14784884000000.0,
        "Common Stock": 14784884000000.0,
        "Total Liabilities Net Minority Interest": 193000251000000.0,
        "Derivative Product Liabilities": 47804000000.0,
        "Long Term Debt And Capital Lease Obligation": 41867486000000.0,
        "Payables": 3543318000000.0,
        "Other Payable": 270705000000.0,
        "Total Tax Payable": 302044000000.0,
        "Accounts Payable": 2970569000000.0,
        "Total Assets": 211663515000000.0,
        "Investments And Advances": 29987503000000.0,
        "Investmentin Financial Assets": 29902412000000.0,
        "Held To Maturity Securities": 660827000000.0,
        "Available For Sale Securities": 16158955000000.0,
        "Trading Securities": 13082630000000.0,
        "Long Term Equity Investment": 85091000000.0,
        "Investments In Other Ventures Under Equity Method": 85091000000.0,
        "Investment Properties": 65564000000.0,
        "Goodwill And Other Intangible Assets": 1076872000000.0,
        "Other Intangible Assets": 596235000000.0,
        "Goodwill": 480637000000.0,
        "Net PPE": 286268000000.0,
        "Accumulated Depreciation": -392704000000.0,
        "Gross PPE": 678972000000.0,
        "Other Properties": 302766000000.0,
        "Machinery Furniture Equipment": 358079000000.0,
        "Buildings And Improvements": 18127000000.0,
        "Receivables": 3671432000000.0,
        "Cash And Cash Equivalents": 41108880000000.0,
        "Cash Equivalents": 207000000.0,
        "Cash Financial": 1075821000000.0,
        "Cash Cash Equivalents And Federal Funds Sold": 41108880000000.0
      }
    },
    "annual_cash_flow": {
      "2024-12-31 00:00:00": {
        "Free Cash Flow": 32713605000000.0,
        "Issuance Of Capital Stock": 0.0,
        "Capital Expenditure": -236866000000.0,
        "End Cash Position": 82183094000000.0,
        "Beginning Cash Position": 49459218000000.0,
        "Changes In Cash": 32723876000000.0,
        "Financing Cash Flow": 0.0,
        "Net Common Stock Issuance": 0.0,
        "Common Stock Issuance": 0.0,
        "Investing Cash Flow": -226595000000.0,
        "Dividends Received Cfi": 1445000000.0,
        "Net Investment Purchase And Sale": null,
        "Sale Of Investment": null,
        "Net Investment Properties Purchase And Sale": 8403000000.0,
        "Sale Of Investment Properties": 8403000000.0,
        "Purchase Of Investment Properties": null,
        "Net PPE Purchase And Sale": -236443000000.0,
        "Sale Of PPE": 423000000.0,
        "Purchase Of PPE": -236866000000.0,
        "Operating Cash Flow": 32950471000000.0,
        "Cash Flowsfromusedin Operating Activities Direct": 32950471000000.0,
        "Classesof Cash Payments": -52741135000000.0,
        "Other Cash Paymentsfrom Operating Activities": -4199561000000.0,
        "Paymentson Behalfof Employees": -3990812000000.0,
        "Classesof Cash Receiptsfrom Operating Activities": 85691606000000.0,
        "Other Cash Receiptsfrom Operating Activities": 5610384000000.0
      },
      "2023-12-31 00:00:00": {
        "Free Cash Flow": -3391594000000.0,
        "Issuance Of Capital Stock": 504000000000.0,
        "Capital Expenditure": -310061000000.0,
        "End Cash Position": 49459218000000.0,
        "Beginning Cash Position": 52327123000000.0,
        "Changes In Cash": -2867905000000.0,
        "Financing Cash Flow": 504000000000.0,
        "Net Common Stock Issuance": 504000000000.0,
        "Common Stock Issuance": 504000000000.0,
        "Investing Cash Flow": -290372000000.0,
        "Dividends Received Cfi": 14384000000.0,
        "Net Investment Purchase And Sale": 0.0,
        "Sale Of Investment": 0.0,
        "Net Investment Properties Purchase And Sale": 5276000000.0,
        "Sale Of Investment Properties": 5276000000.0,
        "Purchase Of Investment Properties": 0.0,
        "Net PPE Purchase And Sale": -310032000000.0,
        "Sale Of PPE": 29000000.0,
        "Purchase Of PPE": -310061000000.0,
        "Operating Cash Flow": -3081533000000.0,
        "Cash Flowsfromusedin Operating Activities Direct": -3081533000000.0,
        "Classesof Cash Payments": -61570875000000.0,
        "Other Cash Paymentsfrom Operating Activities": -16941289000000.0,
        "Paymentson Behalfof Employees": -3479815000000.0,
        "Classesof Cash Receiptsfrom Operating Activities": 58489342000000.0,
        "Other Cash Receiptsfrom Operating Activities": 107608000000.0
      },
      "2022-12-31 00:00:00": {
        "Free Cash Flow": 7568814000000.0,
        "Issuance Of Capital Stock": 3610673000000.0,
        "Capital Expenditure": -296243000000.0,
        "End Cash Position": 52327123000000.0,
        "Beginning Cash Position": 41108880000000.0,
        "Changes In Cash": 11218243000000.0,
        "Financing Cash Flow": 3610673000000.0,
        "Net Common Stock Issuance": 3610673000000.0,
        "Common Stock Issuance": 3610673000000.0,
        "Investing Cash Flow": -257487000000.0,
        "Dividends Received Cfi": 7937000000.0,
        "Net Investment Purchase And Sale": 24102000000.0,
        "Sale Of Investment": 24102000000.0,
        "Net Investment Properties Purchase And Sale": 6717000000.0,
        "Sale Of Investment Properties": 6744000000.0,
        "Purchase Of Investment Properties": -27000000.0,
        "Net PPE Purchase And Sale": -296243000000.0,
        "Sale Of PPE": 0.0,
        "Purchase Of PPE": -296243000000.0,
        "Operating Cash Flow": 7865057000000.0,
        "Cash Flowsfromusedin Operating Activities Direct": 7865057000000.0,
        "Classesof Cash Payments": -41283059000000.0,
        "Other Cash Paymentsfrom Operating Activities": -2811603000000.0,
        "Paymentson Behalfof Employees": -3310317000000.0,
        "Classesof Cash Receiptsfrom Operating Activities": 49148116000000.0,
        "Other Cash Receiptsfrom Operating Activities": 125891000000.0
      },
      "2021-12-31 00:00:00": {
        "Free Cash Flow": 8455992000000.0,
        "Issuance Of Capital Stock": 2405623000000.0,
        "Capital Expenditure": -114013000000.0,
        "End Cash Position": 41108880000000.0,
        "Beginning Cash Position": 30027766000000.0,
        "Changes In Cash": 11081114000000.0,
        "Financing Cash Flow": 2405623000000.0,
        "Net Common Stock Issuance": 2405623000000.0,
        "Common Stock Issuance": 2405623000000.0,
        "Investing Cash Flow": 105486000000.0,
        "Dividends Received Cfi": 3710000000.0,
        "Net Investment Purchase And Sale": 40905000000.0,
        "Sale Of Investment": 40905000000.0,
        "Net Investment Properties Purchase And Sale": 174884000000.0,
        "Sale Of Investment Properties": 182023000000.0,
        "Purchase Of Investment Properties": -7139000000.0,
        "Net PPE Purchase And Sale": -114013000000.0,
        "Sale Of PPE": 0.0,
        "Purchase Of PPE": -114013000000.0,
        "Operating Cash Flow": 8570005000000.0,
        "Cash Flowsfromusedin Operating Activities Direct": 8570005000000.0,
        "Classesof Cash Payments": -41114598000000.0,
        "Other Cash Paymentsfrom Operating Activities": -1870873000000.0,
        "Paymentson Behalfof Employees": -2474267000000.0,
        "Classesof Cash Receiptsfrom Operating Activities": 49684603000000.0,
        "Other Cash Receiptsfrom Operating Activities": 107111000000.0
      }
    }
  },
  "metrics": {
    "symbol": "SSB.VN",
    "timestamp": "2026-01-09T18:25:41.425491",
    "pe_ratio": 7.670203,
    "pb_ratio": 1.2258066,
    "dividend_yield": null,
    "beta": 0.048,
    "eps": 2262.0,
    "roe": 0.17898001,
    "roa": 0.0198,
    "debt_to_equity": null,
    "current_ratio": null,
    "quick_ratio": null,
    "profit_margin": 0.53201,
    "operating_margin": 0.49645,
    "free_cashflow": null,
    "52_week_high": 23800.0,
    "52_week_low": 16600.0,
    "revenue": 12455025573888,
    "gross_profit": 12455025573888,
    "operating_income": -20427439079424
  },
  "dividends": {
    "symbol": "SSB.VN",
    "timestamp": "2026-01-09T18:25:41.546593",
    "total_records": 0,
    "dividends": []
  },
  "splits": {
    "symbol": "SSB.VN",
    "timestamp": "2026-01-09T18:25:41.577199",
    "total_records": 1,
    "splits": [
      {
        "date": "2024-08-23T00:00:00+07:00",
        "ratio": 1.135953
      }
    ]
  }
}