{
  "symbol": "MBB.VN",
  "timestamp": "2026-01-09T18:25:25.904066",
  "quarterly": {
    "symbol": "MBB.VN",
    "timestamp": "2026-01-09T18:25:26.208596",
    "quarterly_financials": {
      "2025-06-30 00:00:00": {
        "Tax Effect Of Unusual Items": 0.0,
        "Tax Rate For Calcs": 0.199692,
        "Net Income From Continuing Operation Net Minority Interest": 5877605000000.0,
        "Reconciled Depreciation": null,
        "Net Interest Income": 12372117000000.0,
        "Interest Expense": 8727009000000.0,
        "Interest Income": 21099126000000.0,
        "Normalized Income": 5877605000000.0,
        "Net Income From Continuing And Discontinued Operation": 5877605000000.0,
        "Diluted Average Shares": 8054999909.0,
        "Basic Average Shares": 6102272659.0,
        "Diluted EPS": 963.182953,
        "Basic EPS": 963.182953,
        "Diluted NI Availto Com Stockholders": 5877605000000.0,
        "Net Income Common Stockholders": 5877605000000.0,
        "Net Income": 5877605000000.0,
        "Minority Interests": -127101000000.0,
        "Net Income Including Noncontrolling Interests": 6004706000000.0,
        "Net Income Continuous Operations": 6004706000000.0,
        "Tax Provision": 1498285000000.0,
        "Pretax Income": 7502991000000.0,
        "Gain On Sale Of Security": 27174000000.0,
        "Operating Expense": 4956470000000.0,
        "Other Operating Expenses": 4956470000000.0,
        "Depreciation And Amortization In Income Statement": null,
        "Depreciation Income Statement": null,
        "Selling General And Administration": null,
        "General And Administrative Expense": null,
        "Insurance And Claims": null,
        "Rent And Landing Fees": null,
        "Total Revenue": 17245678000000.0,
        "Operating Revenue": 17245678000000.0
      },
      "2025-03-31 00:00:00": {
        "Tax Effect Of Unusual Items": 0.0,
        "Tax Rate For Calcs": 0.204076,
        "Net Income From Continuing Operation Net Minority Interest": 6567740000000.0,
        "Reconciled Depreciation": 233592000000.0,
        "Net Interest Income": 11692184000000.0,
        "Interest Expense": 7898128000000.0,
        "Interest Income": 19590312000000.0,
        "Normalized Income": 6567740000000.0,
        "Net Income From Continuing And Discontinued Operation": 6567740000000.0,
        "Diluted Average Shares": 7936199909.0,
        "Basic Average Shares": 6012272659.0,
        "Diluted EPS": 1076.0,
        "Basic EPS": 815.151515,
        "Diluted NI Availto Com Stockholders": 6567740000000.0,
        "Net Income Common Stockholders": 6567740000000.0,
        "Net Income": 6567740000000.0,
        "Minority Interests": -107139000000.0,
        "Net Income Including Noncontrolling Interests": 6674879000000.0,
        "Net Income Continuous Operations": 6674879000000.0,
        "Tax Provision": 1711446000000.0,
        "Pretax Income": 8386325000000.0,
        "Gain On Sale Of Security": -30452000000.0,
        "Operating Expense": 3938195000000.0,
        "Other Operating Expenses": 26195000000.0,
        "Depreciation And Amortization In Income Statement": 233592000000.0,
        "Depreciation Income Statement": 233592000000.0,
        "Selling General And Administration": 390318000000.0,
        "General And Administrative Expense": 390318000000.0,
        "Insurance And Claims": 155248000000.0,
        "Rent And Landing Fees": 610685000000.0,
        "Total Revenue": 14294579000000.0,
        "Operating Revenue": 14294579000000.0
      },
      "2024-12-31 00:00:00": {
        "Tax Effect Of Unusual Items": 0.0,
        "Tax Rate For Calcs": 0.211476,
        "Net Income From Continuing Operation Net Minority Interest": 6284154000000.0,
        "Reconciled Depreciation": null,
        "Net Interest Income": 11142178000000.0,
        "Interest Expense": 7309898000000.0,
        "Interest Income": 18452076000000.0,
        "Normalized Income": 6284154000000.0,
        "Net Income From Continuing And Discontinued Operation": 6284154000000.0,
        "Diluted Average Shares": 8054999910.0,
        "Basic Average Shares": 6102272659.0,
        "Diluted EPS": 1029.805509,
        "Basic EPS": 1029.805509,
        "Diluted NI Availto Com Stockholders": 6284154000000.0,
        "Net Income Common Stockholders": 6284154000000.0,
        "Net Income": 6284154000000.0,
        "Minority Interests": -97468000000.0,
        "Net Income Including Noncontrolling Interests": 6381622000000.0,
        "Net Income Continuous Operations": 6381622000000.0,
        "Tax Provision": 1711498000000.0,
        "Pretax Income": 8093120000000.0,
        "Gain On Sale Of Security": 22361000000.0,
        "Operating Expense": 5246555000000.0,
        "Other Operating Expenses": 5246555000000.0,
        "Depreciation And Amortization In Income Statement": null,
        "Depreciation Income Statement": null,
        "Selling General And Administration": null,
        "General And Administrative Expense": null,
        "Insurance And Claims": null,
        "Rent And Landing Fees": null,
        "Total Revenue": 16563511000000.0,
        "Operating Revenue": 16563511000000.0
      },
      "2024-09-30 00:00:00": {
        "Tax Effect Of Unusual Items": 0.0,
        "Tax Rate For Calcs": 0.200393,
        "Net Income From Continuing Operation Net Minority Interest": 5790156000000.0,
        "Reconciled Depreciation": null,
        "Net Interest Income": 10416635000000.0,
        "Interest Expense": 6979985000000.0,
        "Interest Income": 17396620000000.0,
        "Normalized Income": 5790156000000.0,
        "Net Income From Continuing And Discontinued Operation": 5790156000000.0,
        "Diluted Average Shares": 8025793590.0,
        "Basic Average Shares": 6080146659.0,
        "Diluted EPS": 952.305318,
        "Basic EPS": 952.305318,
        "Diluted NI Availto Com Stockholders": 5790156000000.0,
        "Net Income Common Stockholders": 5790156000000.0,
        "Net Income": 5790156000000.0,
        "Minority Interests": -53287000000.0,
        "Net Income Including Noncontrolling Interests": 5843443000000.0,
        "Net Income Continuous Operations": 5843443000000.0,
        "Tax Provision": 1464453000000.0,
        "Pretax Income": 7307896000000.0,
        "Gain On Sale Of Security": -165439000000.0,
        "Operating Expense": 3755899000000.0,
        "Other Operating Expenses": 3755899000000.0,
        "Depreciation And Amortization In Income Statement": null,
        "Depreciation Income Statement": null,
        "Selling General And Administration": null,
        "General And Administrative Expense": null,
        "Insurance And Claims": null,
        "Rent And Landing Fees": null,
        "Total Revenue": 12703765000000.0,
        "Operating Revenue": 12703765000000.0
      },
      "2024-06-30 00:00:00": {
        "Tax Effect Of Unusual Items": 0.0,
        "Tax Rate For Calcs": 0.200579,
        "Net Income From Continuing Operation Net Minority Interest": 6026749000000.0,
        "Reconciled Depreciation": null,
        "Net Interest Income": 10531113000000.0,
        "Interest Expense": 6421817000000.0,
        "Interest Income": 16952930000000.0,
        "Normalized Income": 6026749000000.0,
        "Net Income From Continuing And Discontinued Operation": 6026749000000.0,
        "Diluted Average Shares": 7914979590.0,
        "Basic Average Shares": 5996196659.0,
        "Diluted EPS": 1005.095287,
        "Basic EPS": 1005.095287,
        "Diluted NI Availto Com Stockholders": 6026749000000.0,
        "Net Income Common Stockholders": 6026749000000.0,
        "Net Income": 6026749000000.0,
        "Minority Interests": -75234000000.0,
        "Net Income Including Noncontrolling Interests": 6101983000000.0,
        "Net Income Continuous Operations": 6101983000000.0,
        "Tax Provision": 1531018000000.0,
        "Pretax Income": 7633001000000.0,
        "Gain On Sale Of Security": 21761000000.0,
        "Operating Expense": 4490504000000.0,
        "Other Operating Expenses": 4490504000000.0,
        "Depreciation And Amortization In Income Statement": null,
        "Depreciation Income Statement": null,
        "Selling General And Administration": null,
        "General And Administrative Expense": null,
        "Insurance And Claims": null,
        "Rent And Landing Fees": null,
        "Total Revenue": 14129248000000.0,
        "Operating Revenue": 14129248000000.0
      }
    },
    "quarterly_balance_sheet": {
      "2025-06-30 00:00:00": {
        "Ordinary Shares Number": 8054999909.0,
        "Share Issued": 6102272659.0,
        "Net Debt": 99025994000000.0,
        "Total Debt": 202914838000000.0,
        "Tangible Book Value": 121013456000000.0,
        "Invested Capital": 325558195000000.0,
        "Net Tangible Assets": 121013456000000.0,
        "Common Stock Equity": 122643357000000.0,
        "Total Capitalization": 325558195000000.0,
        "Total Equity Gross Minority Interest": 127803650000000.0,
        "Minority Interest": 5160293000000.0,
        "Stockholders Equity": 122643357000000.0,
        "Retained Earnings": 38370327000000.0,
        "Additional Paid In Capital": 3232688000000.0,
        "Capital Stock": 61022727000000.0,
        "Common Stock": 61022727000000.0,
        "Total Liabilities Net Minority Interest": 1161840678000000.0,
        "Derivative Product Liabilities": 842870000000.0,
        "Long Term Debt And Capital Lease Obligation": 202914838000000.0,
        "Payables": 52330488000000.0,
        "Other Payable": 41292416000000.0,
        "Total Tax Payable": null,
        "Accounts Payable": 11038072000000.0,
        "Total Assets": 1289644328000000.0,
        "Investments And Advances": 270231853000000.0,
        "Investmentin Financial Assets": 269648955000000.0,
        "Held To Maturity Securities": 4017009000000.0,
        "Available For Sale Securities": 258457248000000.0,
        "Trading Securities": 4585676000000.0,
        "Long Term Equity Investment": 582898000000.0,
        "Investments In Other Ventures Under Equity Method": 582898000000.0,
        "Investment Properties": 220898000000.0,
        "Goodwill And Other Intangible Assets": 1629901000000.0,
        "Other Intangible Assets": 1629901000000.0,
        "Goodwill": 0.0,
        "Net PPE": 4584142000000.0,
        "Accumulated Depreciation": -5461170000000.0,
        "Gross PPE": 10045312000000.0,
        "Construction In Progress": 870712000000.0,
        "Other Properties": 1458018000000.0,
        "Machinery Furniture Equipment": 5111843000000.0,
        "Buildings And Improvements": 2604739000000.0,
        "Prepaid Assets": 3049390000000.0,
        "Receivables": 22196970000000.0,
        "Cash And Cash Equivalents": 103888844000000.0,
        "Cash Equivalents": 7220000000.0,
        "Cash Financial": 5255305000000.0,
        "Cash Cash Equivalents And Federal Funds Sold": 104640482000000.0
      },
      "2025-03-31 00:00:00": {
        "Ordinary Shares Number": 8054999909.0,
        "Share Issued": 8054999909.0,
        "Net Debt": 109955809000000.0,
        "Total Debt": 182960329000000.0,
        "Tangible Book Value": 116973934000000.0,
        "Invested Capital": 301543618000000.0,
        "Net Tangible Assets": 116973934000000.0,
        "Common Stock Equity": 118583289000000.0,
        "Total Capitalization": 301543618000000.0,
        "Total Equity Gross Minority Interest": 123676548000000.0,
        "Minority Interest": 5093259000000.0,
        "Stockholders Equity": 118583289000000.0,
        "Retained Earnings": 39322902000000.0,
        "Additional Paid In Capital": 3232592000000.0,
        "Capital Stock": 61022727000000.0,
        "Common Stock": 61022727000000.0,
        "Total Liabilities Net Minority Interest": 1033240647000000.0,
        "Derivative Product Liabilities": 526143000000.0,
        "Long Term Debt And Capital Lease Obligation": 182960329000000.0,
        "Payables": 45980601000000.0,
        "Other Payable": 34674850000000.0,
        "Total Tax Payable": null,
        "Accounts Payable": 11305751000000.0,
        "Total Assets": 1156917195000000.0,
        "Investments And Advances": 253879058000000.0,
        "Investmentin Financial Assets": 253182430000000.0,
        "Held To Maturity Securities": 3730938000000.0,
        "Available For Sale Securities": 236503869000000.0,
        "Trading Securities": 12481241000000.0,
        "Long Term Equity Investment": 696628000000.0,
        "Investments In Other Ventures Under Equity Method": 696628000000.0,
        "Investment Properties": 232570000000.0,
        "Goodwill And Other Intangible Assets": 1609355000000.0,
        "Other Intangible Assets": 1609355000000.0,
        "Goodwill": 0.0,
        "Net PPE": 4521983000000.0,
        "Accumulated Depreciation": -5388247000000.0,
        "Gross PPE": 9910230000000.0,
        "Construction In Progress": 749579000000.0,
        "Other Properties": 2476704000000.0,
        "Machinery Furniture Equipment": 4084982000000.0,
        "Buildings And Improvements": 2598965000000.0,
        "Prepaid Assets": 3055797000000.0,
        "Receivables": 19817013000000.0,
        "Cash And Cash Equivalents": 73004520000000.0,
        "Cash Equivalents": 5958000000.0,
        "Cash Financial": 4218025000000.0,
        "Cash Cash Equivalents And Federal Funds Sold": 73671525000000.0
      },
      "2024-12-31 00:00:00": {
        "Ordinary Shares Number": 8054999910.0,
        "Share Issued": 6102272659.0,
        "Net Debt": 65349205000000.0,
        "Total Debt": 162411461000000.0,
        "Tangible Book Value": 110459458000000.0,
        "Invested Capital": 274560162000000.0,
        "Net Tangible Assets": 110459458000000.0,
        "Common Stock Equity": 112148701000000.0,
        "Total Capitalization": 274560162000000.0,
        "Total Equity Gross Minority Interest": 117059581000000.0,
        "Minority Interest": 4910880000000.0,
        "Stockholders Equity": 112148701000000.0,
        "Retained Earnings": 40718224000000.0,
        "Additional Paid In Capital": 3232592000000.0,
        "Capital Stock": 53063241000000.0,
        "Common Stock": 53063241000000.0,
        "Total Liabilities Net Minority Interest": 1011741481000000.0,
        "Derivative Product Liabilities": 191545000000.0,
        "Long Term Debt And Capital Lease Obligation": 162411461000000.0,
        "Payables": 29703307000000.0,
        "Other Payable": 8960523000000.0,
        "Total Tax Payable": 3574209000000.0,
        "Accounts Payable": 17168575000000.0,
        "Total Assets": 1128801062000000.0,
        "Investments And Advances": 219130018000000.0,
        "Investmentin Financial Assets": 218520541000000.0,
        "Held To Maturity Securities": 4372059000000.0,
        "Available For Sale Securities": 205265318000000.0,
        "Trading Securities": 7931655000000.0,
        "Long Term Equity Investment": 609477000000.0,
        "Investments In Other Ventures Under Equity Method": 609477000000.0,
        "Investment Properties": 234115000000.0,
        "Goodwill And Other Intangible Assets": 1689243000000.0,
        "Other Intangible Assets": 1679720000000.0,
        "Goodwill": 9523000000.0,
        "Net PPE": 4587255000000.0,
        "Accumulated Depreciation": -5263976000000.0,
        "Gross PPE": 9851231000000.0,
        "Construction In Progress": 836559000000.0,
        "Other Properties": 2440009000000.0,
        "Machinery Furniture Equipment": 3972594000000.0,
        "Buildings And Improvements": 2602069000000.0,
        "Prepaid Assets": 3198307000000.0,
        "Receivables": 20790715000000.0,
        "Cash And Cash Equivalents": 97062256000000.0,
        "Cash Equivalents": 5107000000.0,
        "Cash Financial": 3344059000000.0,
        "Cash Cash Equivalents And Federal Funds Sold": 97688763000000.0
      },
      "2024-09-30 00:00:00": {
        "Ordinary Shares Number": 8025793590.0,
        "Share Issued": 6080146659.0,
        "Net Debt": 31038531000000.0,
        "Total Debt": 122902950000000.0,
        "Tangible Book Value": 104185016000000.0,
        "Invested Capital": 228704847000000.0,
        "Net Tangible Assets": 104185016000000.0,
        "Common Stock Equity": 105801897000000.0,
        "Total Capitalization": 228704847000000.0,
        "Total Equity Gross Minority Interest": 110023198000000.0,
        "Minority Interest": 4221301000000.0,
        "Stockholders Equity": 105801897000000.0,
        "Retained Earnings": 34476533000000.0,
        "Additional Paid In Capital": 3232592000000.0,
        "Capital Stock": 52870841000000.0,
        "Common Stock": 52870841000000.0,
        "Total Liabilities Net Minority Interest": 918796010000000.0,
        "Derivative Product Liabilities": null,
        "Long Term Debt And Capital Lease Obligation": 122902950000000.0,
        "Payables": 44718127000000.0,
        "Other Payable": 35893971000000.0,
        "Total Tax Payable": null,
        "Accounts Payable": 8824156000000.0,
        "Total Assets": 1028819208000000.0,
        "Investments And Advances": 213388393000000.0,
        "Investmentin Financial Assets": 212809967000000.0,
        "Held To Maturity Securities": 5174987000000.0,
        "Available For Sale Securities": 192031177000000.0,
        "Trading Securities": 14323942000000.0,
        "Long Term Equity Investment": 578426000000.0,
        "Investments In Other Ventures Under Equity Method": 578426000000.0,
        "Investment Properties": 235660000000.0,
        "Goodwill And Other Intangible Assets": 1616881000000.0,
        "Other Intangible Assets": 1607358000000.0,
        "Goodwill": 9523000000.0,
        "Net PPE": 4200802000000.0,
        "Accumulated Depreciation": -5072501000000.0,
        "Gross PPE": 9273303000000.0,
        "Construction In Progress": 932362000000.0,
        "Other Properties": 2118471000000.0,
        "Machinery Furniture Equipment": 3625273000000.0,
        "Buildings And Improvements": 2597197000000.0,
        "Prepaid Assets": 3062690000000.0,
        "Receivables": 19186644000000.0,
        "Cash And Cash Equivalents": 91864419000000.0,
        "Cash Equivalents": 5986000000.0,
        "Cash Financial": 3776296000000.0,
        "Cash Cash Equivalents And Federal Funds Sold": 92632296000000.0
      },
      "2024-06-30 00:00:00": {
        "Ordinary Shares Number": 7914979590.0,
        "Share Issued": 5996196659.0,
        "Net Debt": 21781739000000.0,
        "Total Debt": 134262029000000.0,
        "Tangible Book Value": 98509804000000.0,
        "Invested Capital": 234410468000000.0,
        "Net Tangible Assets": 98509804000000.0,
        "Common Stock Equity": 100148439000000.0,
        "Total Capitalization": 234410468000000.0,
        "Total Equity Gross Minority Interest": 104213948000000.0,
        "Minority Interest": 4065509000000.0,
        "Stockholders Equity": 100148439000000.0,
        "Retained Earnings": 28691482000000.0,
        "Additional Paid In Capital": 3232592000000.0,
        "Capital Stock": 52870841000000.0,
        "Common Stock": 52870841000000.0,
        "Total Liabilities Net Minority Interest": 884390946000000.0,
        "Derivative Product Liabilities": 1076174000000.0,
        "Long Term Debt And Capital Lease Obligation": 134262029000000.0,
        "Payables": 50418780000000.0,
        "Other Payable": 41394802000000.0,
        "Total Tax Payable": null,
        "Accounts Payable": 9023978000000.0,
        "Total Assets": 988604894000000.0,
        "Investments And Advances": 181483328000000.0,
        "Investmentin Financial Assets": 180900565000000.0,
        "Held To Maturity Securities": 5013243000000.0,
        "Available For Sale Securities": 162163040000000.0,
        "Trading Securities": 12308272000000.0,
        "Long Term Equity Investment": 582763000000.0,
        "Investments In Other Ventures Under Equity Method": 582763000000.0,
        "Investment Properties": 237204000000.0,
        "Goodwill And Other Intangible Assets": 1638635000000.0,
        "Other Intangible Assets": 1629112000000.0,
        "Goodwill": 9523000000.0,
        "Net PPE": 4049347000000.0,
        "Accumulated Depreciation": -4970365000000.0,
        "Gross PPE": 9019712000000.0,
        "Construction In Progress": 762799000000.0,
        "Other Properties": 2084901000000.0,
        "Machinery Furniture Equipment": 3579877000000.0,
        "Buildings And Improvements": 2592135000000.0,
        "Prepaid Assets": 3196016000000.0,
        "Receivables": 20423067000000.0,
        "Cash And Cash Equivalents": 112480290000000.0,
        "Cash Equivalents": 7134000000.0,
        "Cash Financial": 4322103000000.0,
        "Cash Cash Equivalents And Federal Funds Sold": 112821120000000.0
      }
    },
    "quarterly_cash_flow": {
      "2025-06-30 00:00:00": {
        "Free Cash Flow": 27223589000000.0,
        "Issuance Of Debt": 3500000000000.0,
        "Issuance Of Capital Stock": 0.0,
        "Capital Expenditure": -367960000000.0,
        "End Cash Position": 103854400000000.0,
        "Beginning Cash Position": 72986872000000.0,
        "Changes In Cash": 30867528000000.0,
        "Financing Cash Flow": 3500000000000.0,
        "Cash Dividends Paid": null,
        "Common Stock Dividend Paid": null,
        "Net Common Stock Issuance": 0.0,
        "Common Stock Issuance": 0.0,
        "Net Issuance Payments Of Debt": 3500000000000.0,
        "Net Long Term Debt Issuance": 3500000000000.0,
        "Long Term Debt Issuance": 3500000000000.0,
        "Investing Cash Flow": -224021000000.0,
        "Dividends Received Cfi": 27174000000.0,
        "Net Investment Purchase And Sale": 113730000000.0,
        "Purchase Of Investment": null,
        "Net PPE Purchase And Sale": -364925000000.0,
        "Sale Of PPE": 3035000000.0,
        "Purchase Of PPE": -367960000000.0,
        "Operating Cash Flow": 27591549000000.0,
        "Cash Flowsfromusedin Operating Activities Direct": 27591549000000.0,
        "Classesof Cash Payments": -111745981000000.0,
        "Other Cash Paymentsfrom Operating Activities": -14163370000000.0,
        "Paymentson Behalfof Employees": -3724536000000.0,
        "Classesof Cash Receiptsfrom Operating Activities": 139337530000000.0,
        "Other Cash Receiptsfrom Operating Activities": 1441942000000.0
      },
      "2025-03-31 00:00:00": {
        "Free Cash Flow": -26180873000000.0,
        "Issuance Of Debt": 2198563000000.0,
        "Issuance Of Capital Stock": 0.0,
        "Capital Expenditure": -105862000000.0,
        "End Cash Position": 72986872000000.0,
        "Beginning Cash Position": 97040275000000.0,
        "Changes In Cash": -24053403000000.0,
        "Financing Cash Flow": 2198563000000.0,
        "Cash Dividends Paid": null,
        "Common Stock Dividend Paid": null,
        "Net Common Stock Issuance": 0.0,
        "Common Stock Issuance": 0.0,
        "Net Issuance Payments Of Debt": 2198563000000.0,
        "Net Long Term Debt Issuance": 2198563000000.0,
        "Long Term Debt Issuance": 2198563000000.0,
        "Investing Cash Flow": -176955000000.0,
        "Dividends Received Cfi": 40000000.0,
        "Net Investment Purchase And Sale": -71299000000.0,
        "Purchase Of Investment": -71299000000.0,
        "Net PPE Purchase And Sale": -105696000000.0,
        "Sale Of PPE": 166000000.0,
        "Purchase Of PPE": -105862000000.0,
        "Operating Cash Flow": -26075011000000.0,
        "Cash Flowsfromusedin Operating Activities Direct": -26075011000000.0,
        "Classesof Cash Payments": -77723683000000.0,
        "Other Cash Paymentsfrom Operating Activities": -35511805000000.0,
        "Paymentson Behalfof Employees": -4694751000000.0,
        "Classesof Cash Receiptsfrom Operating Activities": 51648672000000.0,
        "Other Cash Receiptsfrom Operating Activities": 3680184000000.0
      },
      "2024-12-31 00:00:00": {
        "Free Cash Flow": 14504107000000.0,
        "Issuance Of Debt": 4159451000000.0,
        "Issuance Of Capital Stock": 995438000000.0,
        "Capital Expenditure": -910154000000.0,
        "End Cash Position": 97040273000000.0,
        "Beginning Cash Position": 77542854000000.0,
        "Changes In Cash": 19497419000000.0,
        "Financing Cash Flow": 4992180000000.0,
        "Cash Dividends Paid": -162709000000.0,
        "Common Stock Dividend Paid": -162709000000.0,
        "Net Common Stock Issuance": 995438000000.0,
        "Common Stock Issuance": 995438000000.0,
        "Net Issuance Payments Of Debt": 4159451000000.0,
        "Net Long Term Debt Issuance": 4159451000000.0,
        "Long Term Debt Issuance": 4159451000000.0,
        "Investing Cash Flow": -909022000000.0,
        "Dividends Received Cfi": 32861000000.0,
        "Net Investment Purchase And Sale": -33442000000.0,
        "Purchase Of Investment": null,
        "Net PPE Purchase And Sale": -908441000000.0,
        "Sale Of PPE": 1713000000.0,
        "Purchase Of PPE": -910154000000.0,
        "Operating Cash Flow": 15414261000000.0,
        "Cash Flowsfromusedin Operating Activities Direct": 15414261000000.0,
        "Classesof Cash Payments": -87200464000000.0,
        "Other Cash Paymentsfrom Operating Activities": -721428000000.0,
        "Paymentson Behalfof Employees": -4909386000000.0,
        "Classesof Cash Receiptsfrom Operating Activities": 102614725000000.0,
        "Other Cash Receiptsfrom Operating Activities": -1631288000000.0
      },
      "2024-09-30 00:00:00": {
        "Free Cash Flow": -21022840000000.0,
        "Issuance Of Debt": 395103000000.0,
        "Issuance Of Capital Stock": 0.0,
        "Capital Expenditure": -532734000000.0,
        "End Cash Position": 77542854000000.0,
        "Beginning Cash Position": 98166725000000.0,
        "Changes In Cash": -20623871000000.0,
        "Financing Cash Flow": 395103000000.0,
        "Cash Dividends Paid": 0.0,
        "Common Stock Dividend Paid": 0.0,
        "Net Common Stock Issuance": 0.0,
        "Common Stock Issuance": 0.0,
        "Net Issuance Payments Of Debt": 395103000000.0,
        "Net Long Term Debt Issuance": 395103000000.0,
        "Long Term Debt Issuance": 395103000000.0,
        "Investing Cash Flow": -528868000000.0,
        "Dividends Received Cfi": -3507000000.0,
        "Net Investment Purchase And Sale": 4337000000.0,
        "Purchase Of Investment": null,
        "Net PPE Purchase And Sale": -529698000000.0,
        "Sale Of PPE": 3036000000.0,
        "Purchase Of PPE": -532734000000.0,
        "Operating Cash Flow": -20490106000000.0,
        "Cash Flowsfromusedin Operating Activities Direct": -20490106000000.0,
        "Classesof Cash Payments": -44304746000000.0,
        "Other Cash Paymentsfrom Operating Activities": -1940282000000.0,
        "Paymentson Behalfof Employees": -3866686000000.0,
        "Classesof Cash Receiptsfrom Operating Activities": 23814640000000.0,
        "Other Cash Receiptsfrom Operating Activities": -2212209000000.0
      },
      "2024-06-30 00:00:00": {
        "Free Cash Flow": 12094940000000.0,
        "Issuance Of Debt": 3801000000000.0,
        "Issuance Of Capital Stock": 1165007000000.0,
        "Capital Expenditure": -291321000000.0,
        "End Cash Position": 98166725000000.0,
        "Beginning Cash Position": 83716470000000.0,
        "Changes In Cash": 14450255000000.0,
        "Financing Cash Flow": 2322465000000.0,
        "Cash Dividends Paid": null,
        "Common Stock Dividend Paid": null,
        "Net Common Stock Issuance": 1165007000000.0,
        "Common Stock Issuance": 1165007000000.0,
        "Net Issuance Payments Of Debt": 3801000000000.0,
        "Net Long Term Debt Issuance": 3801000000000.0,
        "Long Term Debt Issuance": 3801000000000.0,
        "Investing Cash Flow": -258471000000.0,
        "Dividends Received Cfi": 21761000000.0,
        "Net Investment Purchase And Sale": 8940000000.0,
        "Purchase Of Investment": null,
        "Net PPE Purchase And Sale": -289172000000.0,
        "Sale Of PPE": 2149000000.0,
        "Purchase Of PPE": -291321000000.0,
        "Operating Cash Flow": 12386261000000.0,
        "Cash Flowsfromusedin Operating Activities Direct": 12386261000000.0,
        "Classesof Cash Payments": -60500458000000.0,
        "Other Cash Paymentsfrom Operating Activities": -6825529000000.0,
        "Paymentson Behalfof Employees": -3283988000000.0,
        "Classesof Cash Receiptsfrom Operating Activities": 72886719000000.0,
        "Other Cash Receiptsfrom Operating Activities": 3395827000000.0
      }
    }
  },
  "annual": {
    "symbol": "MBB.VN",
    "timestamp": "2026-01-09T18:25:26.726935",
    "annual_financials": {
      "2024-12-31 00:00:00": {
        "Tax Effect Of Unusual Items": 0.0,
        "Tax Rate For Calcs": 0.203892,
        "Net Income From Continuing Operation Net Minority Interest": 22633757000000.0,
        "Reconciled Depreciation": 1623989000000.0,
        "Net Interest Income": 41152219000000.0,
        "Interest Expense": 27909674000000.0,
        "Interest Income": 69061893000000.0,
        "Normalized Income": 22633757000000.0,
        "Net Income From Continuing And Discontinued Operation": 22633757000000.0,
        "Diluted Average Shares": 9226227619.0,
        "Basic Average Shares": 6989566378.0,
        "Diluted EPS": 3238.26087,
        "Basic EPS": 2453.227931,
        "Diluted NI Availto Com Stockholders": 22633757000000.0,
        "Net Income Common Stockholders": 22633757000000.0,
        "Otherunder Preferred Stock Dividend": null,
        "Net Income": 22633757000000.0,
        "Minority Interests": -317507000000.0,
        "Net Income Including Noncontrolling Interests": 22951264000000.0,
        "Net Income Continuous Operations": 22951264000000.0,
        "Tax Provision": 5878064000000.0,
        "Pretax Income": 28829328000000.0,
        "Gain On Sale Of Security": -297115000000.0,
        "Operating Expense": 17086201000000.0,
        "Other Operating Expenses": 1819260000000.0,
        "Depreciation And Amortization In Income Statement": 1623989000000.0,
        "Depreciation Income Statement": 1623989000000.0,
        "Selling General And Administration": 3682376000000.0,
        "General And Administrative Expense": 3682376000000.0,
        "Insurance And Claims": 578974000000.0,
        "Total Revenue": 53040612000000.0,
        "Operating Revenue": 53040612000000.0
      },
      "2023-12-31 00:00:00": {
        "Tax Effect Of Unusual Items": 0.0,
        "Tax Rate For Calcs": 0.199661,
        "Net Income From Continuing Operation Net Minority Interest": 20676788000000.0,
        "Reconciled Depreciation": 1462673000000.0,
        "Net Interest Income": 38683848000000.0,
        "Interest Expense": 30459195000000.0,
        "Interest Income": 69143043000000.0,
        "Normalized Income": 20676788000000.0,
        "Net Income From Continuing And Discontinued Operation": 20676788000000.0,
        "Diluted Average Shares": 9123229576.0,
        "Basic Average Shares": 9123229576.0,
        "Diluted EPS": 2084.321476,
        "Basic EPS": 2084.321476,
        "Diluted NI Availto Com Stockholders": 19012930000000.0,
        "Net Income Common Stockholders": 19012930000000.0,
        "Otherunder Preferred Stock Dividend": 1663858000000.0,
        "Net Income": 20676788000000.0,
        "Minority Interests": -377004000000.0,
        "Net Income Including Noncontrolling Interests": 21053792000000.0,
        "Net Income Continuous Operations": 21053792000000.0,
        "Tax Provision": 5252297000000.0,
        "Pretax Income": 26306089000000.0,
        "Gain On Sale Of Security": -240718000000.0,
        "Operating Expense": 14813416000000.0,
        "Other Operating Expenses": 1481638000000.0,
        "Depreciation And Amortization In Income Statement": 1462673000000.0,
        "Depreciation Income Statement": 1462673000000.0,
        "Selling General And Administration": 3424164000000.0,
        "General And Administrative Expense": 3424164000000.0,
        "Insurance And Claims": 447967000000.0,
        "Total Revenue": 45556617000000.0,
        "Operating Revenue": 45556617000000.0
      },
      "2022-12-31 00:00:00": {
        "Tax Effect Of Unusual Items": 0.0,
        "Tax Rate For Calcs": 0.201244,
        "Net Income From Continuing Operation Net Minority Interest": 17482735000000.0,
        "Reconciled Depreciation": 1277145000000.0,
        "Net Interest Income": 36023122000000.0,
        "Interest Expense": 16462690000000.0,
        "Interest Income": 52485812000000.0,
        "Normalized Income": 17482735000000.0,
        "Net Income From Continuing And Discontinued Operation": 17482735000000.0,
        "Diluted Average Shares": 7914979590.0,
        "Basic Average Shares": 7914979590.0,
        "Diluted EPS": 2032.279315,
        "Basic EPS": 2032.279315,
        "Diluted NI Availto Com Stockholders": 16087585000000.0,
        "Net Income Common Stockholders": 16087585000000.0,
        "Otherunder Preferred Stock Dividend": 1395150000000.0,
        "Net Income": 17482735000000.0,
        "Minority Interests": -672450000000.0,
        "Net Income Including Noncontrolling Interests": 18155185000000.0,
        "Net Income Continuous Operations": 18155185000000.0,
        "Tax Provision": 4574135000000.0,
        "Pretax Income": 22729320000000.0,
        "Gain On Sale Of Security": 131941000000.0,
        "Operating Expense": 14941110000000.0,
        "Other Operating Expenses": 1579189000000.0,
        "Depreciation And Amortization In Income Statement": 1277145000000.0,
        "Depreciation Income Statement": 1277145000000.0,
        "Selling General And Administration": 3585874000000.0,
        "General And Administrative Expense": 3585874000000.0,
        "Insurance And Claims": 344512000000.0,
        "Total Revenue": 44066195000000.0,
        "Operating Revenue": 44066195000000.0
      },
      "2021-12-31 00:00:00": {
        "Tax Effect Of Unusual Items": 0.0,
        "Tax Rate For Calcs": 0.200022,
        "Net Income From Continuing Operation Net Minority Interest": 12697075000000.0,
        "Reconciled Depreciation": 1086194000000.0,
        "Net Interest Income": 26199554000000.0,
        "Interest Expense": 12265378000000.0,
        "Interest Income": 38464932000000.0,
        "Normalized Income": 12697075000000.0,
        "Net Income From Continuing And Discontinued Operation": 12697075000000.0,
        "Diluted Average Shares": 7912480279.0,
        "Basic Average Shares": 5994303242.0,
        "Diluted EPS": 1495.579614,
        "Basic EPS": 1495.579614,
        "Diluted NI Availto Com Stockholders": 12697075000000.0,
        "Net Income Common Stockholders": 12697075000000.0,
        "Otherunder Preferred Stock Dividend": null,
        "Net Income": 12697075000000.0,
        "Minority Interests": -524362000000.0,
        "Net Income Including Noncontrolling Interests": 13221437000000.0,
        "Net Income Continuous Operations": 13221437000000.0,
        "Tax Provision": 3305822000000.0,
        "Pretax Income": 16527259000000.0,
        "Gain On Sale Of Security": 114835000000.0,
        "Operating Expense": 12516291000000.0,
        "Other Operating Expenses": 1365750000000.0,
        "Depreciation And Amortization In Income Statement": 1086194000000.0,
        "Depreciation Income Statement": 1086194000000.0,
        "Selling General And Administration": 3108879000000.0,
        "General And Administrative Expense": 3108879000000.0,
        "Insurance And Claims": 245158000000.0,
        "Total Revenue": 34307985000000.0,
        "Operating Revenue": 34307985000000.0
      }
    },
    "annual_balance_sheet": {
      "2024-12-31 00:00:00": {
        "Ordinary Shares Number": 8054999910.0,
        "Share Issued": 6102272659.0,
        "Net Debt": 65349205000000.0,
        "Total Debt": 162411461000000.0,
        "Tangible Book Value": 110459458000000.0,
        "Invested Capital": 274560162000000.0,
        "Net Tangible Assets": 110459458000000.0,
        "Common Stock Equity": 112148701000000.0,
        "Total Capitalization": 274560162000000.0,
        "Total Equity Gross Minority Interest": 117059581000000.0,
        "Minority Interest": 4910880000000.0,
        "Stockholders Equity": 112148701000000.0,
        "Treasury Stock": null,
        "Retained Earnings": 40718224000000.0,
        "Additional Paid In Capital": 3232592000000.0,
        "Capital Stock": 53063241000000.0,
        "Common Stock": 53063241000000.0,
        "Total Liabilities Net Minority Interest": 1011741481000000.0,
        "Derivative Product Liabilities": 191545000000.0,
        "Long Term Debt And Capital Lease Obligation": 162411461000000.0,
        "Payables": 29703307000000.0,
        "Other Payable": 8960523000000.0,
        "Total Tax Payable": 3574209000000.0,
        "Accounts Payable": 17168575000000.0,
        "Total Assets": 1128801062000000.0,
        "Investments And Advances": 219130018000000.0,
        "Investmentin Financial Assets": 218520541000000.0,
        "Held To Maturity Securities": 4372059000000.0,
        "Available For Sale Securities": 205265318000000.0,
        "Trading Securities": 7931655000000.0,
        "Long Term Equity Investment": 609477000000.0,
        "Investments In Other Ventures Under Equity Method": 609477000000.0,
        "Investment Properties": 234115000000.0,
        "Goodwill And Other Intangible Assets": 1689243000000.0,
        "Other Intangible Assets": 1679720000000.0,
        "Goodwill": 9523000000.0,
        "Net PPE": 4587255000000.0,
        "Accumulated Depreciation": -5263976000000.0,
        "Gross PPE": 9851231000000.0,
        "Construction In Progress": 836559000000.0,
        "Other Properties": 2440009000000.0,
        "Machinery Furniture Equipment": 3972594000000.0,
        "Buildings And Improvements": 2602069000000.0,
        "Prepaid Assets": 3198307000000.0,
        "Receivables": 20790715000000.0,
        "Cash And Cash Equivalents": 97062256000000.0,
        "Cash Equivalents": 5107000000.0,
        "Cash Financial": 3344059000000.0,
        "Cash Cash Equivalents And Federal Funds Sold": 97688763000000.0
      },
      "2023-12-31 00:00:00": {
        "Ordinary Shares Number": 7914979590.0,
        "Share Issued": 5996196659.0,
        "Net Debt": 51143877000000.0,
        "Total Debt": 160260556000000.0,
        "Tangible Book Value": 91059222000000.0,
        "Invested Capital": 252998605000000.0,
        "Net Tangible Assets": 91059222000000.0,
        "Common Stock Equity": 92738049000000.0,
        "Total Capitalization": 252998605000000.0,
        "Total Equity Gross Minority Interest": 96711159000000.0,
        "Minority Interest": 3973110000000.0,
        "Stockholders Equity": 92738049000000.0,
        "Treasury Stock": null,
        "Retained Earnings": 25559753000000.0,
        "Additional Paid In Capital": 2797585000000.0,
        "Capital Stock": 52140841000000.0,
        "Common Stock": 52140841000000.0,
        "Total Liabilities Net Minority Interest": 848242481000000.0,
        "Derivative Product Liabilities": 0.0,
        "Long Term Debt And Capital Lease Obligation": 160260556000000.0,
        "Payables": 36677729000000.0,
        "Other Payable": 7129065000000.0,
        "Total Tax Payable": 3539461000000.0,
        "Accounts Payable": 26009203000000.0,
        "Total Assets": 944953640000000.0,
        "Investments And Advances": 194720940000000.0,
        "Investmentin Financial Assets": 194105155000000.0,
        "Held To Maturity Securities": 5282507000000.0,
        "Available For Sale Securities": 142640698000000.0,
        "Trading Securities": 44250788000000.0,
        "Long Term Equity Investment": 615785000000.0,
        "Investments In Other Ventures Under Equity Method": 615785000000.0,
        "Investment Properties": 240294000000.0,
        "Goodwill And Other Intangible Assets": 1678827000000.0,
        "Other Intangible Assets": 1659782000000.0,
        "Goodwill": 19045000000.0,
        "Net PPE": 4002455000000.0,
        "Accumulated Depreciation": -4538204000000.0,
        "Gross PPE": 8540659000000.0,
        "Construction In Progress": 808051000000.0,
        "Other Properties": 1865919000000.0,
        "Machinery Furniture Equipment": 3281185000000.0,
        "Buildings And Improvements": 2585504000000.0,
        "Prepaid Assets": 4312533000000.0,
        "Receivables": 20293808000000.0,
        "Cash And Cash Equivalents": 109116679000000.0,
        "Cash Equivalents": 9095000000.0,
        "Cash Financial": 3666299000000.0,
        "Cash Cash Equivalents And Federal Funds Sold": 109717479000000.0
      },
      "2022-12-31 00:00:00": {
        "Ordinary Shares Number": 7914979592.0,
        "Share Issued": 5996196660.0,
        "Net Debt": 62404172000000.0,
        "Total Debt": 130638320000000.0,
        "Tangible Book Value": 74304579000000.0,
        "Invested Capital": 206587414000000.0,
        "Net Tangible Assets": 74304579000000.0,
        "Common Stock Equity": 75949094000000.0,
        "Total Capitalization": 206587414000000.0,
        "Total Equity Gross Minority Interest": 79613219000000.0,
        "Minority Interest": 3664125000000.0,
        "Stockholders Equity": 75949094000000.0,
        "Treasury Stock": null,
        "Retained Earnings": 19063767000000.0,
        "Additional Paid In Capital": 2256848000000.0,
        "Capital Stock": 45339861000000.0,
        "Common Stock": 45339861000000.0,
        "Total Liabilities Net Minority Interest": 648919154000000.0,
        "Derivative Product Liabilities": null,
        "Long Term Debt And Capital Lease Obligation": 130638320000000.0,
        "Payables": 28661552000000.0,
        "Other Payable": 8227442000000.0,
        "Total Tax Payable": 3335367000000.0,
        "Accounts Payable": 17098743000000.0,
        "Total Assets": 728532373000000.0,
        "Investments And Advances": 165387081000000.0,
        "Investmentin Financial Assets": 164761814000000.0,
        "Held To Maturity Securities": 5400676000000.0,
        "Available For Sale Securities": 154179352000000.0,
        "Trading Securities": 4105550000000.0,
        "Long Term Equity Investment": 625267000000.0,
        "Investments In Other Ventures Under Equity Method": 625267000000.0,
        "Investment Properties": 236177000000.0,
        "Goodwill And Other Intangible Assets": 1644515000000.0,
        "Other Intangible Assets": 1615947000000.0,
        "Goodwill": 28568000000.0,
        "Net PPE": 3942640000000.0,
        "Accumulated Depreciation": -3653001000000.0,
        "Gross PPE": 7595641000000.0,
        "Construction In Progress": 485079000000.0,
        "Other Properties": 1639777000000.0,
        "Machinery Furniture Equipment": 2989623000000.0,
        "Buildings And Improvements": 2481162000000.0,
        "Prepaid Assets": 3537140000000.0,
        "Receivables": 28607162000000.0,
        "Cash And Cash Equivalents": 68234148000000.0,
        "Cash Equivalents": 6966000000.0,
        "Cash Financial": 3737134000000.0,
        "Cash Cash Equivalents And Federal Funds Sold": 68234148000000.0
      },
      "2021-12-31 00:00:00": {
        "Ordinary Shares Number": 7914979591.0,
        "Share Issued": 5996196660.0,
        "Net Debt": 48893801000000.0,
        "Total Debt": 114575370000000.0,
        "Tangible Book Value": 58072204000000.0,
        "Invested Capital": 174150205000000.0,
        "Net Tangible Assets": 58072204000000.0,
        "Common Stock Equity": 59574835000000.0,
        "Total Capitalization": 174150205000000.0,
        "Total Equity Gross Minority Interest": 62486023000000.0,
        "Minority Interest": 2911188000000.0,
        "Stockholders Equity": 59574835000000.0,
        "Treasury Stock": 0.0,
        "Retained Earnings": 12915149000000.0,
        "Additional Paid In Capital": 1535138000000.0,
        "Capital Stock": 37783218000000.0,
        "Common Stock": 37783218000000.0,
        "Total Liabilities Net Minority Interest": 544654396000000.0,
        "Derivative Product Liabilities": null,
        "Long Term Debt And Capital Lease Obligation": 114575370000000.0,
        "Payables": 22079135000000.0,
        "Other Payable": 8063079000000.0,
        "Total Tax Payable": 1103385000000.0,
        "Accounts Payable": 12912671000000.0,
        "Total Assets": 607140419000000.0,
        "Investments And Advances": 137460786000000.0,
        "Investmentin Financial Assets": 136657578000000.0,
        "Held To Maturity Securities": 4606726000000.0,
        "Available For Sale Securities": 124199518000000.0,
        "Trading Securities": 7575274000000.0,
        "Long Term Equity Investment": 803208000000.0,
        "Investments In Other Ventures Under Equity Method": 803208000000.0,
        "Investment Properties": 268999000000.0,
        "Goodwill And Other Intangible Assets": 1502631000000.0,
        "Other Intangible Assets": 1464541000000.0,
        "Goodwill": 38090000000.0,
        "Net PPE": 3652790000000.0,
        "Accumulated Depreciation": -2869611000000.0,
        "Gross PPE": 6522401000000.0,
        "Construction In Progress": 438884000000.0,
        "Other Properties": 1664697000000.0,
        "Machinery Furniture Equipment": 2020511000000.0,
        "Buildings And Improvements": 2398309000000.0,
        "Prepaid Assets": 1892846000000.0,
        "Receivables": 29626614000000.0,
        "Cash And Cash Equivalents": 65681569000000.0,
        "Cash Equivalents": 6897000000.0,
        "Cash Financial": 3468444000000.0,
        "Cash Cash Equivalents And Federal Funds Sold": 65681569000000.0
      }
    },
    "annual_cash_flow": {
      "2024-12-31 00:00:00": {
        "Free Cash Flow": -20878080000000.0,
        "Issuance Of Debt": 9405554000000.0,
        "Issuance Of Capital Stock": 2160445000000.0,
        "Capital Expenditure": -2301696000000.0,
        "End Cash Position": 97040273000000.0,
        "Beginning Cash Position": 109095118000000.0,
        "Changes In Cash": -12054845000000.0,
        "Financing Cash Flow": 8759748000000.0,
        "Cash Dividends Paid": -2806251000000.0,
        "Common Stock Dividend Paid": -2806251000000.0,
        "Net Common Stock Issuance": 2160445000000.0,
        "Common Stock Issuance": 2160445000000.0,
        "Net Issuance Payments Of Debt": 9405554000000.0,
        "Net Long Term Debt Issuance": 9405554000000.0,
        "Long Term Debt Issuance": 9405554000000.0,
        "Investing Cash Flow": -2238209000000.0,
        "Dividends Received Cfi": 52643000000.0,
        "Net Investment Purchase And Sale": 3917000000.0,
        "Sale Of Investment": 41568000000.0,
        "Purchase Of Investment": -37651000000.0,
        "Net PPE Purchase And Sale": -2294769000000.0,
        "Sale Of PPE": 6927000000.0,
        "Purchase Of PPE": -2301696000000.0,
        "Operating Cash Flow": -18576384000000.0,
        "Cash Flowsfromusedin Operating Activities Direct": -18576384000000.0,
        "Classesof Cash Payments": -267100102000000.0,
        "Other Cash Paymentsfrom Operating Activities": -34701212000000.0,
        "Paymentson Behalfof Employees": -15627426000000.0,
        "Classesof Cash Receiptsfrom Operating Activities": 248523718000000.0,
        "Other Cash Receiptsfrom Operating Activities": 1435398000000.0
      },
      "2023-12-31 00:00:00": {
        "Free Cash Flow": 39639226000000.0,
        "Issuance Of Debt": 3449000000000.0,
        "Issuance Of Capital Stock": 0.0,
        "Capital Expenditure": -1655386000000.0,
        "End Cash Position": 109095118000000.0,
        "Beginning Cash Position": 68223912000000.0,
        "Changes In Cash": 40871206000000.0,
        "Financing Cash Flow": 1182007000000.0,
        "Cash Dividends Paid": -2266993000000.0,
        "Common Stock Dividend Paid": -2266993000000.0,
        "Net Common Stock Issuance": 0.0,
        "Common Stock Issuance": 0.0,
        "Net Issuance Payments Of Debt": 3449000000000.0,
        "Net Long Term Debt Issuance": 3449000000000.0,
        "Long Term Debt Issuance": 3449000000000.0,
        "Investing Cash Flow": -1605413000000.0,
        "Dividends Received Cfi": 57083000000.0,
        "Net Investment Purchase And Sale": -10824000000.0,
        "Sale Of Investment": 34676000000.0,
        "Purchase Of Investment": -45500000000.0,
        "Net PPE Purchase And Sale": -1651672000000.0,
        "Sale Of PPE": 3714000000.0,
        "Purchase Of PPE": -1655386000000.0,
        "Operating Cash Flow": 41294612000000.0,
        "Cash Flowsfromusedin Operating Activities Direct": 41294612000000.0,
        "Classesof Cash Payments": -231272208000000.0,
        "Other Cash Paymentsfrom Operating Activities": -28882211000000.0,
        "Paymentson Behalfof Employees": -14652520000000.0,
        "Classesof Cash Receiptsfrom Operating Activities": 272566820000000.0,
        "Other Cash Receiptsfrom Operating Activities": 10800251000000.0
      },
      "2022-12-31 00:00:00": {
        "Free Cash Flow": 128223000000.0,
        "Issuance Of Debt": 2120000000000.0,
        "Issuance Of Capital Stock": null,
        "Capital Expenditure": -1748106000000.0,
        "End Cash Position": 68223912000000.0,
        "Beginning Cash Position": 65670751000000.0,
        "Changes In Cash": 2553161000000.0,
        "Financing Cash Flow": 2120000000000.0,
        "Cash Dividends Paid": null,
        "Common Stock Dividend Paid": null,
        "Net Common Stock Issuance": null,
        "Common Stock Issuance": null,
        "Net Issuance Payments Of Debt": 2120000000000.0,
        "Net Long Term Debt Issuance": 2120000000000.0,
        "Long Term Debt Issuance": 2120000000000.0,
        "Investing Cash Flow": -1443168000000.0,
        "Dividends Received Cfi": 131941000000.0,
        "Net Investment Purchase And Sale": 170949000000.0,
        "Sale Of Investment": 271040000000.0,
        "Purchase Of Investment": -100091000000.0,
        "Net PPE Purchase And Sale": -1746058000000.0,
        "Sale Of PPE": 2048000000.0,
        "Purchase Of PPE": -1748106000000.0,
        "Operating Cash Flow": 1876329000000.0,
        "Cash Flowsfromusedin Operating Activities Direct": 1876329000000.0,
        "Classesof Cash Payments": -161512930000000.0,
        "Other Cash Paymentsfrom Operating Activities": -27512936000000.0,
        "Paymentson Behalfof Employees": -14428046000000.0,
        "Classesof Cash Receiptsfrom Operating Activities": 163389259000000.0,
        "Other Cash Receiptsfrom Operating Activities": 7514828000000.0
      },
      "2021-12-31 00:00:00": {
        "Free Cash Flow": 3208430000000.0,
        "Issuance Of Debt": 0.0,
        "Issuance Of Capital Stock": 0.0,
        "Capital Expenditure": -1259868000000.0,
        "End Cash Position": 65670751000000.0,
        "Beginning Cash Position": 62326334000000.0,
        "Changes In Cash": 3344417000000.0,
        "Financing Cash Flow": 0.0,
        "Cash Dividends Paid": null,
        "Common Stock Dividend Paid": null,
        "Net Common Stock Issuance": 0.0,
        "Common Stock Issuance": 0.0,
        "Net Issuance Payments Of Debt": 0.0,
        "Net Long Term Debt Issuance": 0.0,
        "Long Term Debt Issuance": 0.0,
        "Investing Cash Flow": -1123881000000.0,
        "Dividends Received Cfi": 114835000000.0,
        "Net Investment Purchase And Sale": 13291000000.0,
        "Sale Of Investment": 13291000000.0,
        "Purchase Of Investment": 0.0,
        "Net PPE Purchase And Sale": -1252007000000.0,
        "Sale Of PPE": 7861000000.0,
        "Purchase Of PPE": -1259868000000.0,
        "Operating Cash Flow": 4468298000000.0,
        "Cash Flowsfromusedin Operating Activities Direct": 4468298000000.0,
        "Classesof Cash Payments": -144309039000000.0,
        "Other Cash Paymentsfrom Operating Activities": -42383074000000.0,
        "Paymentson Behalfof Employees": -12114505000000.0,
        "Classesof Cash Receiptsfrom Operating Activities": 148777337000000.0,
        "Other Cash Receiptsfrom Operating Activities": 557087000000.0
      }
    }
  },
  "metrics": {
    "symbol": "MBB.VN",
    "timestamp": "2026-01-09T18:25:27.309959",
    "pe_ratio": 11.933904,
    "pb_ratio": 1.7254276,
    "dividend_yield": 1.13,
    "beta": 0.757,
    "eps": 2287.6,
    "roe": 0.20452999,
    "roa": 0.021089999,
    "debt_to_equity": null,
    "current_ratio": null,
    "quick_ratio": null,
    "profit_margin": 0.4982,
    "operating_margin": 0.61465,
    "free_cashflow": null,
    "52_week_high": 29500.0,
    "52_week_low": 14734.849,
    "revenue": 48776744009728,
    "gross_profit": 48776744009728,
    "operating_income": -168892894806016
  },
  "dividends": {
    "symbol": "MBB.VN",
    "timestamp": "2026-01-09T18:25:27.453631",
    "total_records": 2,
    "dividends": [
      {
        "date": "2024-05-23T00:00:00+07:00",
        "amount": 500.0
      },
      {
        "date": "2025-08-13T00:00:00+07:00",
        "amount": 300.0
      }
    ]
  },
  "splits": {
    "symbol": "MBB.VN",
    "timestamp": "2026-01-09T18:25:27.492266",
    "total_records": 2,
    "splits": [
      {
        "date": "2025-01-07T00:00:00+07:00",
        "ratio": 1.15
      },
      {
        "date": "2025-08-13T00:00:00+07:00",
        "ratio": 1.32
      }
    ]
  }
}